<?xml version="1.0" encoding="UTF-8"?>
<!DOCTYPE html PUBLIC "-//W3C//DTD XHTML 1.0 Transitional//EN"
    "http://www.w3.org/TR/xhtml1/DTD/xhtml1-transitional.dtd">
<html xmlns="http://www.w3.org/1999/xhtml" xml:lang="en" lang="en">
 <head>
  <title>
</title>
<meta http-equiv="Content-Type" content="text/html;charset=utf-8" />
  <meta name='ocr-system' content='tesseract 3.04.00' />
  <meta name='ocr-capabilities' content='ocr_page ocr_carea ocr_par ocr_line ocrx_word'/>
</head>
<body>
  <div class='ocr_page' id='page_1' title='image "./analysisoperums12schrgoog_0340.png"; bbox 0 0 2468 4358; ppageno 0'>
   <div class='ocr_carea' id='block_1_1' title="bbox 645 110 760 167">
    <p class='ocr_par' dir='ltr' id='par_1_1' title="bbox 645 110 760 167">
     <span class='ocr_line' id='line_1_1' title="bbox 645 110 760 167; baseline 0.043 -8"><span class='ocrx_word' id='word_1_1' title='bbox 645 110 760 167; x_wconf 78' lang='grc'><strong>1,.</strong></span> 
     </span>
    </p>
   </div>
   <div class='ocr_carea' id='block_1_2' title="bbox 151 251 1135 415">
    <p class='ocr_par' dir='ltr' id='par_1_2' title="bbox 151 251 1135 415">
     <span class='ocr_line' id='line_1_2' title="bbox 151 251 1135 415; baseline 0.024 -55"><span class='ocrx_word' id='word_1_2' title='bbox 151 315 167 380; x_wconf 68' lang='grc'><strong>,·</strong></span> <span class='ocrx_word' id='word_1_3' title='bbox 311 284 448 415; x_wconf 72' lang='lat' dir='ltr'><strong>Oratio</strong></span> <span class='ocrx_word' id='word_1_4' title='bbox 474 283 527 372; x_wconf 89' lang='lat' dir='ltr'><strong>ll.</strong></span> <span class='ocrx_word' id='word_1_5' title='bbox 557 251 694 371; x_wconf 70' lang='lat' dir='ltr'><strong>conire</strong></span> <span class='ocrx_word' id='word_1_6' title='bbox 720 254 905 378; x_wconf 69' lang='lat' dir='ltr'><strong>Arianos.</strong></span> <span class='ocrx_word' id='word_1_7' title='bbox 995 315 1076 402; x_wconf 80' lang='lat'><strong>323</strong></span> <span class='ocrx_word' id='word_1_8' title='bbox 1130 258 1135 279; x_wconf 20' lang='grc' dir='ltr'>ἶ</span> 
     </span>
    </p>
   </div>
   <div class='ocr_carea' id='block_1_3' title="bbox 127 468 1222 1063">
    <p class='ocr_par' dir='ltr' id='par_1_3' title="bbox 127 468 1222 1063">
     <span class='ocr_line' id='line_1_3' title="bbox 131 468 1078 569; baseline 0.002 -23"><span class='ocrx_word' id='word_1_9' title='bbox 131 468 436 567; x_wconf 82' lang='lat' dir='ltr'><strong>„adspergantur,</strong></span> <span class='ocrx_word' id='word_1_10' title='bbox 471 468 673 545; x_wconf 86' lang='lat' dir='ltr'>sordescant</span> <span class='ocrx_word' id='word_1_11' title='bbox 703 473 825 569; x_wconf 86' lang='lat' dir='ltr'><strong>potins</strong></span> <span class='ocrx_word' id='word_1_12' title='bbox 859 494 969 569; x_wconf 85' lang='lat' dir='ltr'><strong>praua</strong></span> <span class='ocrx_word' id='word_1_13' title='bbox 993 472 1078 548; x_wconf 91' lang='lat' dir='ltr'><strong>reli·</strong></span> 
     </span>
     <span class='ocr_line' id='line_1_4' title="bbox 134 571 1184 667; baseline 0.002 -24"><span class='ocrx_word' id='word_1_14' title='bbox 134 571 299 664; x_wconf 89' lang='lat' dir='ltr'><strong>‚,gione,</strong></span> <span class='ocrx_word' id='word_1_15' title='bbox 325 591 434 667; x_wconf 92' lang='lat' dir='ltr'><strong>quam</strong></span> <span class='ocrx_word' id='word_1_16' title='bbox 460 571 703 657; x_wconf 69' lang='lat' dir='ltr'><strong>redimantur,</strong></span> <span class='ocrx_word' id='word_1_17' title='bbox 736 571 773 646; x_wconf 74' lang='lat' dir='ltr'><strong>dc</strong></span> <span class='ocrx_word' id='word_1_18' title='bbox 800 572 860 667; x_wconf 92' lang='lat' dir='ltr'><strong>qui</strong></span> <span class='ocrx_word' id='word_1_19' title='bbox 886 586 969 646; x_wconf 88' lang='lat' dir='ltr'><strong>cum</strong></span> <span class='ocrx_word' id='word_1_20' title='bbox 986 571 1077 647; x_wconf 83' lang='lat' dir='ltr'><strong>Ario</strong></span> <span class='ocrx_word' id='word_1_21' title='bbox 1181 662 1184 667; x_wconf 17' lang='grc' dir='ltr'>ι</span> 
     </span>
     <span class='ocr_line' id='line_1_5' title="bbox 131 625 1163 766; baseline 0.005 -25"><span class='ocrx_word' id='word_1_22' title='bbox 131 668 342 761; x_wconf 89' lang='lat' dir='ltr'><strong>‚,sentiunt,</strong></span> <span class='ocrx_word' id='word_1_23' title='bbox 367 669 430 744; x_wconf 82' lang='lat' dir='ltr'><strong>etsi</strong></span> <span class='ocrx_word' id='word_1_24' title='bbox 455 625 746 765; x_wconf 85' lang='lat' dir='ltr'><strong>proloquantur</strong></span> <span class='ocrx_word' id='word_1_25' title='bbox 737 672 809 766; x_wconf 86' lang='lat' dir='ltr'><strong>rpla</strong></span> <span class='ocrx_word' id='word_1_26' title='bbox 833 672 980 745; x_wconf 90' lang='lat' dir='ltr'><strong>nomina</strong></span> <span class='ocrx_word' id='word_1_27' title='bbox 1001 671 1097 746; x_wconf 87' lang='lat' dir='ltr'><strong>fru·</strong></span> <span class='ocrx_word' id='word_1_28' title='bbox 1159 726 1163 735; x_wconf 83' lang='lat'><em>-</em></span> 
     </span>
     <span class='ocr_line' id='line_1_6' title="bbox 133 766 1222 868; baseline 0.002 -25"><span class='ocrx_word' id='word_1_29' title='bbox 133 767 335 859; x_wconf 86' lang='lat' dir='ltr'><strong>„strantur,</strong></span> <span class='ocrx_word' id='word_1_30' title='bbox 361 768 629 863; x_wconf 82' lang='lat' dir='ltr'><strong>illuduntque</strong></span> <span class='ocrx_word' id='word_1_31' title='bbox 607 791 665 854; x_wconf 93' lang='lat' dir='ltr'><strong>ns,</strong></span> <span class='ocrx_word' id='word_1_32' title='bbox 689 768 750 864; x_wconf 93' lang='lat' dir='ltr'><strong>qui</strong></span> <span class='ocrx_word' id='word_1_33' title='bbox 770 766 817 844; x_wconf 87' lang='lat' dir='ltr'><strong>ab</strong></span> <span class='ocrx_word' id='word_1_34' title='bbox 830 769 912 865; x_wconf 81' lang='lat' dir='ltr'><strong>ipsis</strong></span> <span class='ocrx_word' id='word_1_35' title='bbox 930 771 1076 868; x_wconf 90' lang='lat' dir='ltr'><strong>Baptis·</strong></span> <span class='ocrx_word' id='word_1_36' title='bbox 1174 784 1194 813; x_wconf 79' lang='grc'><strong>·’</strong></span> <span class='ocrx_word' id='word_1_37' title='bbox 1215 778 1222 785; x_wconf 85' lang='grc'><strong>“</strong></span> 
     </span>
     <span class='ocr_line' id='line_1_7' title="bbox 131 867 1073 966; baseline 0.003 -25"><span class='ocrx_word' id='word_1_38' title='bbox 131 891 222 958; x_wconf 92' lang='lat' dir='ltr'><strong>„ma</strong></span> <span class='ocrx_word' id='word_1_39' title='bbox 239 867 432 962; x_wconf 89' lang='lat' dir='ltr'><strong>accipiunt,</strong></span> <span class='ocrx_word' id='word_1_40' title='bbox 450 868 616 941; x_wconf 90' lang='lat' dir='ltr'><strong>homines</strong></span> <span class='ocrx_word' id='word_1_41' title='bbox 632 869 803 944; x_wconf 85' lang='lat' dir='ltr'><strong>nimirum</strong></span> <span class='ocrx_word' id='word_1_42' title='bbox 820 869 1073 966; x_wconf 87' lang='lat' dir='ltr'><strong>improbiores,</strong></span> 
     </span>
     <span class='ocr_line' id='line_1_8' title="bbox 127 965 1169 1063; baseline 0 -22"><span class='ocrx_word' id='word_1_43' title='bbox 127 988 271 1063; x_wconf 86' lang='lat' dir='ltr'><strong>„qnam</strong></span> <span class='ocrx_word' id='word_1_44' title='bbox 289 965 356 1042; x_wconf 93' lang='lat' dir='ltr'><strong>ulli</strong></span> <span class='ocrx_word' id='word_1_45' title='bbox 380 967 554 1043; x_wconf 88' lang='lat' dir='ltr'><strong>haeretici</strong></span> <span class='ocrx_word' id='word_1_46' title='bbox 1164 979 1169 991; x_wconf 78' lang='lat'>‘</span> 
     </span>
    </p>
   </div>
   <div class='ocr_carea' id='block_1_4' title="bbox 118 1110 1228 3949">
    <p class='ocr_par' dir='ltr' id='par_1_4' title="bbox 118 1110 1228 3913">
     <span class='ocr_line' id='line_1_9' title="bbox 208 1110 1223 1285; baseline 0.005 -48"><span class='ocrx_word' id='word_1_47' title='bbox 208 1188 267 1238; x_wconf 84' lang='grc' dir='ltr'><strong>ιο</strong></span> <span class='ocrx_word' id='word_1_48' title='bbox 285 1161 448 1285; x_wconf 86' lang='lat' dir='ltr'><strong>„Dicunt</strong></span> <span class='ocrx_word' id='word_1_49' title='bbox 464 1159 639 1237; x_wconf 76' lang='lat' dir='ltr'><strong>ulteriusz-</strong></span> <span class='ocrx_word' id='word_1_50' title='bbox 650 1159 809 1239; x_wconf 81' lang='lat' dir='ltr'><strong>Christus</strong></span> <span class='ocrx_word' id='word_1_51' title='bbox 821 1161 915 1237; x_wconf 82' lang='lat' dir='ltr'><strong>Rom</strong></span> <span class='ocrx_word' id='word_1_52' title='bbox 923 1188 978 1240; x_wconf 84' lang='grc' dir='ltr'><strong>ιι.</strong></span> <span class='ocrx_word' id='word_1_53' title='bbox 990 1156 1068 1239; x_wconf 80' lang='lat' dir='ltr'><strong>Pri·</strong></span> <span class='ocrx_word' id='word_1_54' title='bbox 1089 1110 1223 1267; x_wconf 63' lang='lat' dir='ltr'><strong>curules</strong></span> 
     </span>
     <span class='ocr_line' id='line_1_10' title="bbox 127 1259 1228 1360; baseline 0.005 -26"><span class='ocrx_word' id='word_1_55' title='bbox 127 1263 340 1360; x_wconf 80' lang='lat' dir='ltr'><strong>„mogenitus</strong></span> <span class='ocrx_word' id='word_1_56' title='bbox 352 1259 485 1336; x_wconf 86' lang='lat' dir='ltr'><strong>dicitur</strong></span> <span class='ocrx_word' id='word_1_57' title='bbox 496 1263 599 1335; x_wconf 77' lang='lat' dir='ltr'><strong>omnis</strong></span> <span class='ocrx_word' id='word_1_58' title='bbox 614 1263 806 1338; x_wconf 74' lang='lat' dir='ltr'><strong>creationis:</strong></span> <span class='ocrx_word' id='word_1_59' title='bbox 804 1263 919 1357; x_wconf 59' lang='lat' dir='ltr'><strong>largo</strong></span> <span class='ocrx_word' id='word_1_60' title='bbox 929 1276 1067 1339; x_wconf 79' lang='lat' dir='ltr'><strong>certum</strong></span> <span class='ocrx_word' id='word_1_61' title='bbox 1089 1284 1228 1362; x_wconf 77' lang='lat' dir='ltr'><strong>quomo·</strong></span> 
     </span>
     <span class='ocr_line' id='line_1_11' title="bbox 131 1357 1226 1452; baseline 0 -19"><span class='ocrx_word' id='word_1_62' title='bbox 131 1360 231 1449; x_wconf 88' lang='lat' dir='ltr'><strong>„est,</strong></span> <span class='ocrx_word' id='word_1_63' title='bbox 249 1384 333 1452; x_wconf 85' lang='lat' dir='ltr'><strong>eum</strong></span> <span class='ocrx_word' id='word_1_64' title='bbox 351 1383 464 1435; x_wconf 91' lang='lat' dir='ltr'><strong>unum</strong></span> <span class='ocrx_word' id='word_1_65' title='bbox 483 1359 550 1433; x_wconf 80' lang='lat' dir='ltr'><strong>elle</strong></span> <span class='ocrx_word' id='word_1_66' title='bbox 568 1384 615 1434; x_wconf 86' lang='lat' dir='ltr'><strong>ex</strong></span> <span class='ocrx_word' id='word_1_67' title='bbox 631 1362 739 1436; x_wconf 88' lang='lat' dir='ltr'><strong>rebus</strong></span> <span class='ocrx_word' id='word_1_68' title='bbox 756 1364 898 1437; x_wconf 88' lang='lat' dir='ltr'><strong>creatis.</strong></span> <span class='ocrx_word' id='word_1_69' title='bbox 947 1357 1021 1438; x_wconf 86' lang='lat' dir='ltr'><strong>Sed</strong></span> <span class='ocrx_word' id='word_1_70' title='bbox 1042 1364 1072 1437; x_wconf 83' lang='lat' dir='ltr'><strong>fi</strong></span> <span class='ocrx_word' id='word_1_71' title='bbox 1086 1366 1226 1445; x_wconf 57' lang='grc' dir='ltr'><strong>ΜΨ</strong></span> 
     </span>
     <span class='ocr_line' id='line_1_12' title="bbox 128 1435 1169 1557; baseline 0.006 -25"><span class='ocrx_word' id='word_1_72' title='bbox 128 1458 421 1557; x_wconf 88' lang='lat' dir='ltr'><strong>„primogenitus</strong></span> <span class='ocrx_word' id='word_1_73' title='bbox 441 1459 560 1533; x_wconf 85' lang='lat' dir='ltr'><strong>omnis</strong></span> <span class='ocrx_word' id='word_1_74' title='bbox 581 1459 775 1535; x_wconf 84' lang='lat' dir='ltr'><strong>creationis</strong></span> <span class='ocrx_word' id='word_1_75' title='bbox 796 1458 864 1546; x_wconf 86' lang='lat' dir='ltr'><strong>est,</strong></span> <span class='ocrx_word' id='word_1_76' title='bbox 892 1461 1068 1553; x_wconf 87' lang='lat' dir='ltr'><strong>diversum</strong></span> <span class='ocrx_word' id='word_1_77' title='bbox 1086 1435 1169 1496; x_wconf 68' lang='lat'><strong>&#39;&#39;²²²“</strong></span> 
     </span>
     <span class='ocr_line' id='line_1_13' title="bbox 126 1517 1215 1666; baseline 0.004 -33"><span class='ocrx_word' id='word_1_78' title='bbox 126 1557 494 1656; x_wconf 84' lang='lat' dir='ltr'><strong>„quiddamarebus</strong></span> <span class='ocrx_word' id='word_1_79' title='bbox 508 1560 639 1636; x_wconf 82' lang='lat' dir='ltr'><strong>creatis</strong></span> <span class='ocrx_word' id='word_1_80' title='bbox 648 1560 777 1634; x_wconf 90' lang='lat' dir='ltr'><strong>fuerrt</strong></span> <span class='ocrx_word' id='word_1_81' title='bbox 803 1583 874 1632; x_wconf 88' lang='lat' dir='ltr'><strong>non</strong></span> <span class='ocrx_word' id='word_1_82' title='bbox 885 1576 967 1635; x_wconf 88' lang='lat' dir='ltr'><strong>enm</strong></span> <span class='ocrx_word' id='word_1_83' title='bbox 977 1562 1070 1637; x_wconf 83' lang='lat' dir='ltr'><strong>dunt</strong></span> <span class='ocrx_word' id='word_1_84' title='bbox 1085 1517 1215 1666; x_wconf 52' lang='lat' dir='ltr'><strong>,mm</strong></span> 
     </span>
     <span class='ocr_line' id='line_1_14' title="bbox 129 1655 1086 1773; baseline 0.004 -40"><span class='ocrx_word' id='word_1_85' title='bbox 129 1655 355 1755; x_wconf 83' lang='lat' dir='ltr'><strong>„Apostolus</strong></span> <span class='ocrx_word' id='word_1_86' title='bbox 379 1658 642 1773; x_wconf 83' lang='lat' dir='ltr'><strong>primogenitus</strong></span> <span class='ocrx_word' id='word_1_87' title='bbox 659 1659 709 1735; x_wconf 78' lang='lat' dir='ltr'><strong>est</strong></span> <span class='ocrx_word' id='word_1_88' title='bbox 726 1659 889 1734; x_wconf 88' lang='lat' dir='ltr'><strong>omnium</strong></span> <span class='ocrx_word' id='word_1_89' title='bbox 913 1659 1086 1737; x_wconf 89' lang='lat' dir='ltr'><strong>aliarum</strong></span> 
     </span>
     <span class='ocr_line' id='line_1_15' title="bbox 127 1757 1072 1855; baseline 0.003 -24"><span class='ocrx_word' id='word_1_90' title='bbox 127 1769 419 1855; x_wconf 77' lang='lat' dir='ltr'><strong>„creaturarum</strong></span> <span class='ocrx_word' id='word_1_91' title='bbox 434 1780 480 1830; x_wconf 92' lang='lat' dir='ltr'><strong>ne</strong></span> <span class='ocrx_word' id='word_1_92' title='bbox 501 1757 611 1832; x_wconf 87' lang='lat' dir='ltr'><strong>velut</strong></span> <span class='ocrx_word' id='word_1_93' title='bbox 586 1769 613 1831; x_wconf 88' lang='lat' dir='ltr'><strong>tr</strong></span> <span class='ocrx_word' id='word_1_94' title='bbox 633 1779 728 1833; x_wconf 88' lang='lat' dir='ltr'><strong>unns</strong></span> <span class='ocrx_word' id='word_1_95' title='bbox 746 1781 792 1830; x_wconf 87' lang='lat' dir='ltr'><strong>ex</strong></span> <span class='ocrx_word' id='word_1_96' title='bbox 812 1760 986 1833; x_wconf 89' lang='lat' dir='ltr'><strong>creaturis</strong></span> <span class='ocrx_word' id='word_1_97' title='bbox 1005 1760 1072 1835; x_wconf 90' lang='lat' dir='ltr'><strong>ha·</strong></span> 
     </span>
     <span class='ocr_line' id='line_1_16' title="bbox 131 1844 1071 1948; baseline 0 -16"><span class='ocrx_word' id='word_1_98' title='bbox 131 1844 328 1948; x_wconf 89' lang='lat' dir='ltr'><strong>„beretur,</strong></span> <span class='ocrx_word' id='word_1_99' title='bbox 363 1855 422 1929; x_wconf 89' lang='lat' dir='ltr'><strong>sed</strong></span> <span class='ocrx_word' id='word_1_100' title='bbox 450 1855 625 1932; x_wconf 82' lang='lat' dir='ltr'><strong>universae</strong></span> <span class='ocrx_word' id='word_1_101' title='bbox 646 1857 862 1944; x_wconf 89' lang='lat' dir='ltr'><strong>creationis,</strong></span> <span class='ocrx_word' id='word_1_102' title='bbox 886 1869 927 1932; x_wconf 93' lang='lat' dir='ltr'><strong>ut</strong></span> <span class='ocrx_word' id='word_1_103' title='bbox 952 1859 1071 1932; x_wconf 87' lang='lat' dir='ltr'><strong>diver·</strong></span> 
     </span>
     <span class='ocr_line' id='line_1_17' title="bbox 129 1952 1167 2055; baseline 0.001 -25"><span class='ocrx_word' id='word_1_104' title='bbox 129 1955 235 2047; x_wconf 83' lang='lat' dir='ltr'><strong>„sum</strong></span> <span class='ocrx_word' id='word_1_105' title='bbox 257 1955 343 2051; x_wconf 92' lang='lat' dir='ltr'><strong>quid</strong></span> <span class='ocrx_word' id='word_1_106' title='bbox 362 1978 385 2030; x_wconf 86' lang='lat' dir='ltr'><strong>a</strong></span> <span class='ocrx_word' id='word_1_107' title='bbox 403 1952 577 2030; x_wconf 81' lang='lat' dir='ltr'><strong>creaturis</strong></span> <span class='ocrx_word' id='word_1_108' title='bbox 600 1955 815 2031; x_wconf 86' lang='lat' dir='ltr'><strong>crederetur.</strong></span> <span class='ocrx_word' id='word_1_109' title='bbox 874 1953 1070 2051; x_wconf 84' lang='lat' dir='ltr'><strong>Apostolus</strong></span> <span class='ocrx_word' id='word_1_110' title='bbox 1164 2049 1167 2055; x_wconf 20' lang='lat'>¹</span> 
     </span>
     <span class='ocr_line' id='line_1_18' title="bbox 129 2052 1120 2151; baseline 0 -22"><span class='ocrx_word' id='word_1_111' title='bbox 129 2075 244 2150; x_wconf 85' lang='lat' dir='ltr'><strong>„ergo</strong></span> <span class='ocrx_word' id='word_1_112' title='bbox 270 2077 342 2128; x_wconf 92' lang='lat' dir='ltr'><strong>non</strong></span> <span class='ocrx_word' id='word_1_113' title='bbox 368 2053 420 2128; x_wconf 85' lang='lat' dir='ltr'><strong>ita</strong></span> <span class='ocrx_word' id='word_1_114' title='bbox 449 2055 495 2131; x_wconf 91' lang='lat' dir='ltr'><strong>de</strong></span> <span class='ocrx_word' id='word_1_115' title='bbox 516 2054 675 2128; x_wconf 90' lang='lat' dir='ltr'><strong>Domino</strong></span> <span class='ocrx_word' id='word_1_116' title='bbox 703 2052 1071 2151; x_wconf 86' lang='lat' dir='ltr'><strong>loquitur,quodl1t·</strong></span> <span class='ocrx_word' id='word_1_117' title='bbox 1117 2124 1120 2129; x_wconf 87' lang='lat'>.</span> 
     </span>
     <span class='ocr_line' id='line_1_19' title="bbox 129 2151 1070 2250; baseline 0 -22"><span class='ocrx_word' id='word_1_118' title='bbox 129 2204 156 2245; x_wconf 93' lang='lat'>„</span> <span class='ocrx_word' id='word_1_119' title='bbox 200 2151 421 2248; x_wconf 88' lang='lat' dir='ltr'><strong>mogenitns</strong></span> <span class='ocrx_word' id='word_1_120' title='bbox 448 2154 639 2240; x_wconf 89' lang='lat' dir='ltr'><strong>omnium,</strong></span> <span class='ocrx_word' id='word_1_121' title='bbox 672 2176 719 2228; x_wconf 91' lang='lat' dir='ltr'><strong>ne</strong></span> <span class='ocrx_word' id='word_1_122' title='bbox 742 2153 842 2229; x_wconf 89' lang='lat' dir='ltr'><strong>aliud</strong></span> <span class='ocrx_word' id='word_1_123' title='bbox 869 2174 976 2250; x_wconf 90' lang='lat' dir='ltr'><strong>quam</strong></span> <span class='ocrx_word' id='word_1_124' title='bbox 1003 2180 1070 2229; x_wconf 86' lang='lat' dir='ltr'><strong>no-</strong></span> 
     </span>
     <span class='ocr_line' id='line_1_20' title="bbox 128 2253 1137 2349; baseline 0.002 -21"><span class='ocrx_word' id='word_1_125' title='bbox 128 2302 154 2346; x_wconf 92' lang='lat'>„</span> <span class='ocrx_word' id='word_1_126' title='bbox 228 2275 268 2328; x_wconf 92' lang='lat' dir='ltr'><strong>m</strong></span> <span class='ocrx_word' id='word_1_127' title='bbox 289 2273 420 2348; x_wconf 85' lang='lat' dir='ltr'><strong>corpus</strong></span> <span class='ocrx_word' id='word_1_128' title='bbox 446 2253 675 2327; x_wconf 81' lang='lat' dir='ltr'><strong>circumferre</strong></span> <span class='ocrx_word' id='word_1_129' title='bbox 695 2253 921 2336; x_wconf 85' lang='lat' dir='ltr'><strong>crederetur,</strong></span> <span class='ocrx_word' id='word_1_130' title='bbox 946 2253 1005 2327; x_wconf 91' lang='lat' dir='ltr'><strong>led</strong></span> <span class='ocrx_word' id='word_1_131' title='bbox 1027 2263 1071 2344; x_wconf 86' lang='lat' dir='ltr'><strong>ut</strong></span> <span class='ocrx_word' id='word_1_132' title='bbox 1127 2333 1137 2349; x_wconf 65' lang='grc'><em>,</em></span> 
     </span>
     <span class='ocr_line' id='line_1_21' title="bbox 131 2347 1159 2470; baseline 0.002 -44"><span class='ocrx_word' id='word_1_133' title='bbox 131 2347 203 2444; x_wconf 80' lang='lat' dir='ltr'><strong>„rit&#39;</strong></span> <span class='ocrx_word' id='word_1_134' title='bbox 222 2351 485 2470; x_wconf 84' lang='lat' dir='ltr'><strong>primogenitus</strong></span> <span class='ocrx_word' id='word_1_135' title='bbox 504 2353 550 2424; x_wconf 92' lang='lat' dir='ltr'><strong>ob</strong></span> <span class='ocrx_word' id='word_1_136' title='bbox 567 2351 705 2426; x_wconf 88' lang='lat' dir='ltr'><strong>multos</strong></span> <span class='ocrx_word' id='word_1_137' title='bbox 721 2349 865 2438; x_wconf 84' lang='lat' dir='ltr'><strong>fratres,</strong></span> <span class='ocrx_word' id='word_1_138' title='bbox 887 2352 999 2426; x_wconf 85' lang='lat' dir='ltr'><strong>frater</strong></span> <span class='ocrx_word' id='word_1_139' title='bbox 1015 2353 1071 2428; x_wconf 89' lang='lat' dir='ltr'><strong>ni·</strong></span> <span class='ocrx_word' id='word_1_140' title='bbox 1154 2356 1159 2367; x_wconf 87' lang='lat'><em>&#39;</em></span> 
     </span>
     <span class='ocr_line' id='line_1_22' title="bbox 129 2449 1071 2542; baseline 0.003 -18"><span class='ocrx_word' id='word_1_141' title='bbox 129 2450 289 2542; x_wconf 89' lang='lat' dir='ltr'><strong>„mirum</strong></span> <span class='ocrx_word' id='word_1_142' title='bbox 298 2452 407 2525; x_wconf 90' lang='lat' dir='ltr'><strong>inter</strong></span> <span class='ocrx_word' id='word_1_143' title='bbox 427 2449 567 2524; x_wconf 88' lang='lat' dir='ltr'><strong>multos</strong></span> <span class='ocrx_word' id='word_1_144' title='bbox 591 2451 721 2526; x_wconf 89' lang='lat' dir='ltr'><strong>fratres</strong></span> <span class='ocrx_word' id='word_1_145' title='bbox 745 2449 889 2525; x_wconf 89' lang='lat' dir='ltr'><strong>futurus</strong></span> <span class='ocrx_word' id='word_1_146' title='bbox 911 2453 957 2524; x_wconf 93' lang='lat' dir='ltr'><strong>ob</strong></span> <span class='ocrx_word' id='word_1_147' title='bbox 974 2449 1071 2527; x_wconf 88' lang='lat' dir='ltr'><strong>fimi·</strong></span> 
     </span>
     <span class='ocr_line' id='line_1_23' title="bbox 127 2548 1067 2645; baseline 0.001 -20"><span class='ocrx_word' id='word_1_148' title='bbox 127 2549 347 2641; x_wconf 89' lang='lat' dir='ltr'><strong>„litudinem</strong></span> <span class='ocrx_word' id='word_1_149' title='bbox 373 2551 503 2628; x_wconf 90' lang='lat' dir='ltr'><strong>camis.</strong></span> <span class='ocrx_word' id='word_1_150' title='bbox 562 2548 602 2624; x_wconf 90' lang='lat' dir='ltr'><strong>Si</strong></span> <span class='ocrx_word' id='word_1_151' title='bbox 629 2550 739 2645; x_wconf 84' lang='lat' dir='ltr'><strong>igitur</strong></span> <span class='ocrx_word' id='word_1_152' title='bbox 765 2548 926 2627; x_wconf 87' lang='lat' dir='ltr'><strong>Verbum</strong></span> <span class='ocrx_word' id='word_1_153' title='bbox 952 2574 1067 2626; x_wconf 88' lang='lat' dir='ltr'><strong>unum</strong></span> 
     </span>
     <span class='ocr_line' id='line_1_24' title="bbox 126 2646 1173 2745; baseline 0.004 -23"><span class='ocrx_word' id='word_1_154' title='bbox 126 2672 201 2740; x_wconf 86' lang='lat' dir='ltr'><strong>„ex</strong></span> <span class='ocrx_word' id='word_1_155' title='bbox 216 2651 324 2723; x_wconf 85' lang='lat' dir='ltr'><strong>rebus</strong></span> <span class='ocrx_word' id='word_1_156' title='bbox 337 2650 495 2723; x_wconf 82' lang='lat' dir='ltr'><strong>conditis</strong></span> <span class='ocrx_word' id='word_1_157' title='bbox 506 2646 602 2728; x_wconf 81' lang='lat' dir='ltr'><strong>eliet</strong></span> <span class='ocrx_word' id='word_1_158' title='bbox 628 2650 762 2723; x_wconf 88' lang='lat' dir='ltr'><strong>diceret</strong></span> <span class='ocrx_word' id='word_1_159' title='bbox 781 2647 963 2745; x_wconf 87' lang='lat' dir='ltr'><strong>scriptura</strong></span> <span class='ocrx_word' id='word_1_160' title='bbox 983 2672 1069 2726; x_wconf 89' lang='lat' dir='ltr'><strong>eum</strong></span> <span class='ocrx_word' id='word_1_161' title='bbox 1150 2663 1173 2726; x_wconf 64' lang='lat'>1</span> 
     </span>
     <span class='ocr_line' id='line_1_25' title="bbox 128 2747 1072 2863; baseline -0.001 -40"><span class='ocrx_word' id='word_1_162' title='bbox 128 2749 436 2863; x_wconf 88' lang='lat' dir='ltr'><strong>„primogenitum</strong></span> <span class='ocrx_word' id='word_1_163' title='bbox 449 2747 516 2820; x_wconf 82' lang='lat' dir='ltr'><strong>elie</strong></span> <span class='ocrx_word' id='word_1_164' title='bbox 532 2748 685 2822; x_wconf 84' lang='lat' dir='ltr'><strong>aliarum</strong></span> <span class='ocrx_word' id='word_1_165' title='bbox 700 2765 958 2832; x_wconf 89' lang='lat' dir='ltr'><strong>creaturarum,</strong></span> <span class='ocrx_word' id='word_1_166' title='bbox 969 2770 1072 2822; x_wconf 86' lang='lat' dir='ltr'><strong>nunc·</strong></span> 
     </span>
     <span class='ocr_line' id='line_1_26' title="bbox 128 2844 1072 2943; baseline -0.002 -21"><span class='ocrx_word' id='word_1_167' title='bbox 128 2870 240 2938; x_wconf 89' lang='lat' dir='ltr'><strong>„cum</strong></span> <span class='ocrx_word' id='word_1_168' title='bbox 263 2846 396 2923; x_wconf 85' lang='lat' dir='ltr'><strong>dicitur</strong></span> <span class='ocrx_word' id='word_1_169' title='bbox 427 2844 688 2943; x_wconf 86' lang='lat' dir='ltr'><strong>primogenitus</strong></span> <span class='ocrx_word' id='word_1_170' title='bbox 717 2848 837 2921; x_wconf 89' lang='lat' dir='ltr'><strong>omnis</strong></span> <span class='ocrx_word' id='word_1_171' title='bbox 871 2846 1072 2921; x_wconf 80' lang='lat' dir='ltr'><strong>creationis-</strong></span> 
     </span>
     <span class='ocr_line' id='line_1_27' title="bbox 126 2943 1184 3035; baseline -0.002 -13"><span class='ocrx_word' id='word_1_172' title='bbox 126 2944 342 3035; x_wconf 86' lang='lat' dir='ltr'><strong>„manifeste</strong></span> <span class='ocrx_word' id='word_1_173' title='bbox 366 2945 585 3030; x_wconf 87' lang='lat' dir='ltr'><strong>ostenditur,</strong></span> <span class='ocrx_word' id='word_1_174' title='bbox 620 2943 752 3020; x_wconf 87' lang='lat' dir='ltr'><strong>Filium</strong></span> <span class='ocrx_word' id='word_1_175' title='bbox 786 2945 855 3022; x_wconf 90' lang='lat' dir='ltr'><strong>Dei</strong></span> <span class='ocrx_word' id='word_1_176' title='bbox 886 2943 1066 3020; x_wconf 85' lang='lat' dir='ltr'><strong>diversum</strong></span> <span class='ocrx_word' id='word_1_177' title='bbox 1174 2949 1184 2955; x_wconf 81' lang='grc'><em>“</em></span> 
     </span>
     <span class='ocr_line' id='line_1_28' title="bbox 127 3041 1215 3159; baseline -0.001 -40"><span class='ocrx_word' id='word_1_178' title='bbox 127 3044 222 3135; x_wconf 84' lang='lat' dir='ltr'><strong>„elle</strong></span> <span class='ocrx_word' id='word_1_179' title='bbox 239 3048 284 3120; x_wconf 91' lang='lat' dir='ltr'><strong>ab</strong></span> <span class='ocrx_word' id='word_1_180' title='bbox 295 3044 402 3121; x_wconf 92' lang='lat' dir='ltr'><strong>omni</strong></span> <span class='ocrx_word' id='word_1_181' title='bbox 419 3046 604 3127; x_wconf 85' lang='lat' dir='ltr'><strong>cre‘,atura</strong></span> <span class='ocrx_word' id='word_1_182' title='bbox 630 3041 668 3120; x_wconf 70' lang='grc' dir='ltr'><strong>δι</strong></span> <span class='ocrx_word' id='word_1_183' title='bbox 684 3067 756 3118; x_wconf 89' lang='lat' dir='ltr'><strong>non</strong></span> <span class='ocrx_word' id='word_1_184' title='bbox 771 3064 849 3119; x_wconf 92' lang='lat' dir='ltr'><strong>rem</strong></span> <span class='ocrx_word' id='word_1_185' title='bbox 866 3045 1066 3159; x_wconf 81' lang='lat' dir='ltr'><strong>conditam,</strong></span> <span class='ocrx_word' id='word_1_186' title='bbox 1210 3050 1215 3063; x_wconf 94' lang='grc'><em>’</em></span> 
     </span>
     <span class='ocr_line' id='line_1_29' title="bbox 125 3138 1067 3239; baseline 0.001 -21"><span class='ocrx_word' id='word_1_187' title='bbox 125 3166 239 3236; x_wconf 86' lang='lat' dir='ltr'><strong>„nam</strong></span> <span class='ocrx_word' id='word_1_188' title='bbox 266 3140 291 3217; x_wconf 88' lang='lat' dir='ltr'>fi</span> <span class='ocrx_word' id='word_1_189' title='bbox 322 3166 380 3217; x_wconf 90' lang='lat' dir='ltr'><strong>res</strong></span> <span class='ocrx_word' id='word_1_190' title='bbox 404 3144 550 3218; x_wconf 88' lang='lat' dir='ltr'><strong>condita</strong></span> <span class='ocrx_word' id='word_1_191' title='bbox 578 3142 641 3231; x_wconf 85' lang='lat' dir='ltr'><strong>fit,</strong></span> <span class='ocrx_word' id='word_1_192' title='bbox 667 3139 739 3238; x_wconf 88' lang='lat' dir='ltr'><strong>iple</strong></span> <span class='ocrx_word' id='word_1_193' title='bbox 761 3163 904 3238; x_wconf 88' lang='lat' dir='ltr'><strong>quoque</strong></span> <span class='ocrx_word' id='word_1_194' title='bbox 927 3138 1030 3218; x_wconf 91' lang='lat' dir='ltr'><strong>sui</strong></span> <span class='ocrx_word' id='word_1_195' title='bbox 994 3142 1067 3239; x_wconf 87' lang='lat' dir='ltr'><strong>pri·</strong></span> 
     </span>
     <span class='ocr_line' id='line_1_30' title="bbox 126 3240 1073 3339; baseline -0.002 -21"><span class='ocrx_word' id='word_1_196' title='bbox 126 3242 380 3338; x_wconf 83' lang='lat' dir='ltr'><strong>„mogenims,</strong></span> <span class='ocrx_word' id='word_1_197' title='bbox 402 3244 540 3339; x_wconf 89' lang='lat' dir='ltr'><strong>primus</strong></span> <span class='ocrx_word' id='word_1_198' title='bbox 566 3241 603 3317; x_wconf 78' lang='lat' dir='ltr'><strong>de</strong></span> <span class='ocrx_word' id='word_1_199' title='bbox 630 3240 806 3318; x_wconf 89' lang='lat' dir='ltr'><strong>secundus</strong></span> <span class='ocrx_word' id='word_1_200' title='bbox 829 3240 910 3315; x_wconf 85' lang='lat' dir='ltr'><strong>fuit.</strong></span> <span class='ocrx_word' id='word_1_201' title='bbox 982 3241 1073 3316; x_wconf 90' lang='lat' dir='ltr'><strong>Pri·</strong></span> 
     </span>
     <span class='ocr_line' id='line_1_31' title="bbox 124 3338 1115 3437; baseline 0.001 -21"><span class='ocrx_word' id='word_1_202' title='bbox 124 3341 356 3436; x_wconf 86' lang='lat' dir='ltr'><strong>„mogenitus</strong></span> <span class='ocrx_word' id='word_1_203' title='bbox 379 3363 467 3436; x_wconf 86' lang='lat' dir='ltr'><strong>ergo</strong></span> <span class='ocrx_word' id='word_1_204' title='bbox 492 3339 723 3437; x_wconf 88' lang='lat' dir='ltr'><strong>appellatur</strong></span> <span class='ocrx_word' id='word_1_205' title='bbox 713 3354 808 3415; x_wconf 86' lang='lat' dir='ltr'><strong>mter</strong></span> <span class='ocrx_word' id='word_1_206' title='bbox 829 3338 967 3414; x_wconf 89' lang='lat' dir='ltr'><strong>multos</strong></span> <span class='ocrx_word' id='word_1_207' title='bbox 989 3340 1115 3417; x_wconf 89' lang='lat' dir='ltr'><strong>fra·</strong></span> 
     </span>
     <span class='ocr_line' id='line_1_32' title="bbox 122 3438 1062 3534; baseline -0.003 -18"><span class='ocrx_word' id='word_1_208' title='bbox 122 3454 224 3532; x_wconf 84' lang='lat' dir='ltr'><strong>„tres</strong></span> <span class='ocrx_word' id='word_1_209' title='bbox 239 3441 285 3514; x_wconf 94' lang='lat' dir='ltr'><strong>ob</strong></span> <span class='ocrx_word' id='word_1_210' title='bbox 302 3441 420 3516; x_wconf 87' lang='lat' dir='ltr'><strong>carnis</strong></span> <span class='ocrx_word' id='word_1_211' title='bbox 437 3439 564 3515; x_wconf 83' lang='lat' dir='ltr'><strong>nostrae</strong></span> <span class='ocrx_word' id='word_1_212' title='bbox 581 3441 855 3534; x_wconf 86' lang='lat' dir='ltr'><strong>cognationem:</strong></span> <span class='ocrx_word' id='word_1_213' title='bbox 881 3438 1062 3534; x_wconf 87' lang='lat' dir='ltr'><strong>primoge-</strong></span> 
     </span>
     <span class='ocr_line' id='line_1_33' title="bbox 120 3535 1061 3653; baseline -0.002 -39"><span class='ocrx_word' id='word_1_214' title='bbox 120 3541 247 3629; x_wconf 90' lang='lat' dir='ltr'><strong>„nitus</strong></span> <span class='ocrx_word' id='word_1_215' title='bbox 271 3563 318 3613; x_wconf 88' lang='lat' dir='ltr'><strong>ex</strong></span> <span class='ocrx_word' id='word_1_216' title='bbox 337 3541 512 3625; x_wconf 78' lang='lat' dir='ltr'><strong>mortniS,</strong></span> <span class='ocrx_word' id='word_1_217' title='bbox 539 3538 624 3653; x_wconf 83' lang='lat' dir='ltr'><strong>qnia</strong></span> <span class='ocrx_word' id='word_1_218' title='bbox 654 3560 717 3634; x_wconf 88' lang='lat' dir='ltr'><strong>per</strong></span> <span class='ocrx_word' id='word_1_219' title='bbox 743 3561 826 3614; x_wconf 89' lang='lat' dir='ltr'><strong>eum</strong></span> <span class='ocrx_word' id='word_1_220' title='bbox 849 3535 887 3613; x_wconf 77' lang='lat' dir='ltr'><strong>dc</strong></span> <span class='ocrx_word' id='word_1_221' title='bbox 909 3559 991 3611; x_wconf 90' lang='lat' dir='ltr'><strong>cum</strong></span> <span class='ocrx_word' id='word_1_222' title='bbox 1017 3561 1061 3613; x_wconf 91' lang='lat' dir='ltr'><strong>eo</strong></span> 
     </span>
     <span class='ocr_line' id='line_1_34' title="bbox 118 3636 1059 3732; baseline -0.009 -16"><span class='ocrx_word' id='word_1_223' title='bbox 118 3637 351 3730; x_wconf 77' lang='lat' dir='ltr'><strong>„resurreltro</strong></span> <span class='ocrx_word' id='word_1_224' title='bbox 364 3652 590 3713; x_wconf 85' lang='lat' dir='ltr'><strong>mortuorum</strong></span> <span class='ocrx_word' id='word_1_225' title='bbox 609 3637 762 3732; x_wconf 88' lang='lat' dir='ltr'><strong>incepit:</strong></span> <span class='ocrx_word' id='word_1_226' title='bbox 789 3636 1059 3729; x_wconf 80' lang='lat' dir='ltr'><strong>primogenitus</strong></span> 
     </span>
     <span class='ocr_line' id='line_1_35' title="bbox 118 3734 1072 3949; baseline -0.008 -132.902"><span class='ocrx_word' id='word_1_227' title='bbox 118 3739 268 3833; x_wconf 80' lang='lat' dir='ltr'><strong>„omnis</strong></span> <span class='ocrx_word' id='word_1_228' title='bbox 299 3751 497 3830; x_wconf 78' lang='lat' dir='ltr'><strong>creaturae,</strong></span> <span class='ocrx_word' id='word_1_229' title='bbox 541 3737 644 3949; x_wconf 45' lang='lat' dir='ltr'><strong>qui}</strong></span> <span class='ocrx_word' id='word_1_230' title='bbox 662 3735 769 3813; x_wconf 86' lang='lat' dir='ltr'><strong>Pater</strong></span> <span class='ocrx_word' id='word_1_231' title='bbox 799 3757 863 3834; x_wconf 91' lang='lat' dir='ltr'><strong>per</strong></span> <span class='ocrx_word' id='word_1_232' title='bbox 896 3734 1072 3905; x_wconf 50' lang='lat' dir='ltr'><strong>Vefbum</strong></span> 
     </span>
    </p>

    <p class='ocr_par' dir='ltr' id='par_1_5' title="bbox 293 3854 1055 3925">
     <span class='ocr_line' id='line_1_36' title="bbox 293 3854 1055 3925; baseline -0.004 -10"><span class='ocrx_word' id='word_1_233' title='bbox 293 3888 296 3893; x_wconf 90' lang='lat'><em>-</em></span> <span class='ocrx_word' id='word_1_234' title='bbox 668 3857 690 3913; x_wconf 89' lang='lat'>2</span> <span class='ocrx_word' id='word_1_235' title='bbox 786 3902 789 3913; x_wconf 83' lang='lat'><em>.</em></span> <span class='ocrx_word' id='word_1_236' title='bbox 922 3881 949 3925; x_wconf 89' lang='lat'><strong>„</strong></span> <span class='ocrx_word' id='word_1_237' title='bbox 968 3854 1055 3925; x_wconf 87' lang='lat' dir='ltr'><strong>uum</strong></span> 
     </span>
    </p>
   </div>
   <div class='ocr_carea' id='block_1_5' title="bbox 0 0 1238 4358">
    <p class='ocr_par' dir='ltr' id='par_1_6' title="bbox 0 0 1238 4358">
     <span class='ocr_line' id='line_1_37' title="bbox 0 0 1238 4358; baseline 0 3"><span class='ocrx_word' id='word_1_238' title='bbox 0 0 1238 4358; x_wconf 95' lang='lat' dir='ltr'><strong> </strong></span> 
     </span>
    </p>
   </div>
  </div>
 </body>
</html>
