2468 4358
449 87 471 167 Ι.
602 132 607 139 .

95 232 99 239 ’
179 321 182 325 -
284 255 480 371 Apologia
507 258 552 346 se
569 257 679 371 flego
691 256 784 377 sur.
887 232 998 375 283
1051 333 1088 409 '.

132 466 171 536 5.
211 439 356 529 „Causa
395 459 519 521 autem
553 466 618 537 cur
652 445 814 522 Christus
844 444 999 542 sugerit.
1017 462 1143 544 lampae
1212 484 1220 505 ·

95 556 198 635 quam
230 540 387 640 Joannes
414 541 569 642 lempst,
608 544 695 626 talis
718 558 815 634 erat,
856 545 999 643 eoquod
1012 550 1121 611 vitoe

95 637 250 716 nondum
276 638 356 737 ejus
383 644 473 717 hora
496 643 654 720 venisset.
706 646 889 721 Caeterum
913 668 995 721 cum
1013 630 1079 694 0⁶⁰
1102 628 1152 693 ss·

96 761 159 813 em
186 750 331 837 tempus
356 743 524 829 venisset,
557 744 609 820 ita
634 743 818 821 allocutus
842 743 891 820 cll
915 744 998 820 suos
1012 704 1155 844 ΜΨ·

95 837 300 933 iilcipulos:
335 839 421 915 Ecce
443 846 530 917 urnii
544 842 647 932 horo,
677 841 717 920 ss
734 841 843 920 silius
860 844 999 923 hominis

95 936 234 1015 roditur
263 942 298 1015 io
322 965 436 1016 munm
456 955 673 1041 peccalorum.
712 939 824 1047 οῗοαοι.
847 969 902 1044 17.
934 943 999 1023 ubi

95 1036 252 1126 ostendit,
265 1040 459 1136 unicuique
472 1042 681 1117 mortalium
692 1055 839 1141 tempus
858 1045 1000 1117 dimen-

95 1134 165 1213 'um
178 1137 268 1230 else,
290 1138 329 1215 lic
343 1163 417 1214 non
433 1142 584 1219 fortuito
601 1140 701 1228 casu,
728 1140 785 1219 sed
802 1155 912 1240 prout
927 1142 1000 1239 ipsc
1022 1159 1025 1166 ‘

95 1237 255 1329 tonditur
277 1238 384 1315 Pater
413 1240 549 1329 voluit,
584 1241 778 1339 unicuique
792 1240 999 1319 'definitum
1068 1288 1071 1292 ι

95 1334 176 1424 tss'e,
207 1336 348 1413 tametsr
371 1338 486 1416 lateat
507 1361 636 1416 omnes
658 1341 852 1428 mortales,
885 1365 1001 1438 quau·

95 1460 168 1515 um
181 1438 376 1534 uuicuique
392 1441 566 1536 temporis
581 1440 791 1516 admonium
810 1439 864 1516 srt.
902 1442 1001 1527 Qua·
1101 1518 1106 1533 ,

95 1556 126 1609 e
151 1534 331 1615 Dominus
363 1536 585 1615 &Verbum
615 1538 734 1616 Patris
766 1540 880 1615 sciens
908 1561 1002 1635 quos
1089 1614 1092 1625 ,

95 1634 222 1733 tuique
234 1659 348 1711 annos
360 1637 553 1715 admensus
567 1637 672 1724 esset,
694 1660 812 1737 neque
828 1642 1002 1734 ignoraus

95 1735 185 1853 [uod
203 1749 348 1834 tempus
370 1738 419 1813 ad
436 1739 645 1835 patiendum
664 1740 725 1813 suo
745 1741 892 1834 corpori.
908 1761 1002 1835 prae·

95 1835 273 1920 inivisset,
296 1835 358 1911 ubi
377 1850 524 1935 propter
537 1860 605 1913 nos
624 1837 736 1912 homo
760 1838 877 1913 fastus
892 1836 999 1925 esset,
1099 1864 1102 1871 ·
1177 1920 1181 1939 ,

95 1935 231 2011 raeteris
247 1934 394 2025 diebus,
417 1938 479 2034 qui
493 1937 563 2012 hoc
577 1949 722 2033 tempus
733 1938 1000 2023 antecedebant
1023 1993 1028 2017 .

95 2032 204 2109 rostro
227 2055 328 2110 more
352 2059 447 2119 cum,
462 2051 705 2132 quaereretur,
735 2035 774 2112 δι
799 2059 884 2113 cum
913 2058 1000 2117 eum

95 2132 402 2230 teqsequerentur,
423 2134 640 2231 effugiebat3
664 2159 748 2213 curn
764 2148 888 2211 autem
903 2147 998 2211 teut-

95 2255 151 2311 ηις
168 2259 171 2263 ’
186 2256 211 2308 a
234 2233 269 2308 se
293 2233 482 2311 definitum
510 2234 581 2332 ipse
608 2235 671 2310 sibi
696 2235 918 2322 adduxisset,
957 2234 998 2311 in

95 2355 158 2429 qno
175 2336 411 2429 corporaliter
427 2357 492 2431 pro
507 2335 717 2411 hominibus
733 2336 808 2432 pati
826 2333 997 2421 volebat,

95 2458 156 2517 ion
175 2431 245 2511 sese
260 2436 487 2522 occultabat,
514 2434 574 2510 led
590 2433 738 2531 seipsum
761 2433 894 2511 obtulit
914 2431 997 2509 infi-

95 2527 296 2609 lictoribus.
342 2533 462 2609 Sancti
476 2557 563 2608 vero
579 2557 643 2631 pro
658 2532 815 2609 formula
833 2548 996 2629 accepta,
1099 2544 1102 2549 '
1156 2620 1161 2629 1

95 2645 211 2729 upote
226 2655 248 2705 a
263 2631 421 2708 Domino
438 2633 571 2709 eruditi
590 2634 627 2709 ἂ
645 2631 766 2728 priscis
784 2633 872 2710 olim
887 2630 926 2708 uc
944 2631 996 2705 se·
1096 2690 1121 2711 .,
1165 2710 1168 2715 ,

95 2731 280 2828 {uentibus
302 2733 524 2830 temporibus
546 2733 584 2807 iu
609 2733 806 2808 certamine
826 2731 923 2828 quod
951 2729 996 2804 il·

95 2836 125 2907 is
142 2843 225 2905 etat
246 2854 329 2907 cum
347 2832 631 2928 persecutoribus
647 2830 685 2906 &
701 2831 786 2926 suga
813 2830 847 2905 se
864 2828 996 2906 instan-

95 2933 185 3007 ibus
209 2931 427 3027 eripiebant,
452 2931 491 3008 &
505 2933 751 3026 quaerentibus
778 2929 849 3004 sese
863 2949 928 3026 per
942 2927 997 3003 la·
1102 2991 1105 2995 ,

95 3033 207 3105 ebrus
232 3029 494 3116 subducebant,
521 3031 652 3127 quippe
678 3028 739 3122 qui
765 3036 807 3104 ut
829 3029 997 3104 homines

95 3127 201 3227 gnari
219 3144 321 3205 erant
338 3131 512 3227 temporis
528 3129 590 3203 fibi
612 3150 634 3203 a
653 3129 784 3202 Divina
800 3128 997 3204 Providen·
1046 3206 1048 3211 Α

95 3232 132 3305 ia
158 3227 363 3317 constituti,
403 3252 448 3305 ac
471 3228 622 3326 proinde
645 3228 796 3303 minime
822 3226 892 3303 sese
914 3224 996 3302 inss-

95 3327 285 3403 ,tatoribus
311 3330 545 3424 ingerebant,
580 3350 664 3403 cum
691 3351 765 3401 non
785 3327 1005 3422 ignorarent.
1139 3380 1147 3401 ,

95 3426 241 3521 lquod
270 3426 439 3524 scriptum
467 3427 537 3512 est,
580 3427 807 3502 inmanibus
831 3426 900 3502 Dei
927 3424 999 3500 etl'e'
1074 3439 1078 3446 ·

95 3539 197 3605 ortes
217 3526 430 3616 hominurn,
462 3525 716 3603 &Dominum
742 3525 928 3608 occidere,
958 3522 997 3598 δι

95 3621 286 3715 ivificare,
312 3641 421 3725 atque
438 3627 524 3703 ideo
540 3646 656 3719 usquc
675 3624 725 3699 ad
740 3623 928 3700 decursum
946 3620 998 3696 sui

95 3723 259 3825 emporis
293 3727 481 3827 expetiere
511 3722 740 3816 maluerunt,
787 3723 1001 3836 oberrantes

922 3841 1005 3915 „m-
1125 3892 1136 3899 .
