2468 4358
273 287 410 376 Oratio
434 280 580 381 contro-
594 276 738 402 g'lntes.
886 260 1002 408 1⁰47tx
1032 384 1039 407 ,

113 492 198 564 ero,
229 464 326 551 alter
349 483 474 550 tamen
505 468 575 548 elie
600 472 640 550 tc
669 469 818 550 exiliere
842 471 967 589 pollen

113 596 169 670 qua
198 571 236 650 in
270 574 448 649 ambobus
478 570 634 671 potestas
664 573 703 648 bt
737 573 968 651 imbecillitas

113 674 196 749 erit:
219 692 285 771 par
300 673 447 770 quidem
458 673 503 747 in
516 692 562 746 eo
575 668 744 772 potestas.
762 672 980 769 quod'rlte'r·

113 773 215 849 erius
228 771 455 848 volmtatem
472 771 596 849 vincat·
614 792 661 847 eo
680 770 775 868 ipso,
800 771 897 870 quod
915 773 971 850 al·

113 889 144 944 ’o
169 870 287 945 invito
309 870 377 946 elie
403 869 527 969 polirt:
553 893 619 968 par
631 871 721 947 item
739 870 971 951 imbecillitas

113 971 256 1045 rborum
276 969 314 1065 iq
336 968 500 1058 hocest,
524 969 622 1067 quod
640 969 847 1045 nolentibus
870 969 969 1067 iptio,

122 1090 209 1166 quae
234 1068 369 1158 nolint,
393 1069 584 1143 eveniant:
623 1067 684 1144 Est
713 1070 811 1144 enim
835 1070 967 1159 mnus,
1022 1063 1028 1077 “

113 1183 198 1243 eter
217 1168 445 1247 voluntatem
468 1164 579 1256 malit
616 1164 655 1243 δι
688 1167 808 1244 malus
834 1180 968 1285 praeter

113 1267 292 1343 luntatem
320 1266 416 1342 boni.
483 1266 662 1342 Praeterea
688 1265 713 1350 sr
734 1288 792 1341 res
814 1266 970 1344 msrbilee

113 1384 176 1442 era
192 1358 280 1442 mali
303 1361 405 1453 sunt,
432 1386 600 1462 quaenam
624 1365 705 1441 funt
728 1360 978 1463 operatorii.

113 1464 157 1541 iil
173 1467 271 1542 enim
285 1465 386 1540 aliud
401 1476 562 1561 apparet,
578 1478 818 1564 praeterquam
833 1464 896 1540 ista
911 1482 968 1538 re·

113 1588 146 1641 m
173 1578 304 1653 natura
327 1562 373 1638 ab
400 1563 529 1660 opifice
548 1564 704 1641 condita.
756 1562 834 1638 Aut
854 1563 971 1661 quod·

113 1686 152 1739 m
172 1665 243 1741 erit
266 1663 461 1749 indicium,
483 1663 580 1737 unde
604 1662 828 1758 intelligatur
852 1665 978 1740 bonua-

113 1760 224 1850 eclfe‚
247 1784 321 1837 nou
342 1761 576 1837 existentibus
591 1762 682 1837 ullis'
693 1762 880 1859 operibus,
906 1754 982 1858 per
1142 1836 1146 1847 ,

113 1878 150 1938 ae
163 1859 387 1957 agnoscatur.
439 1860 580 1935 Deinde
590 1862 665 1944 duo
679 1862 848 1936 contrarii
864 1859 971 1938 fimul
1133 1908 1137 1915 -

113 1961 134 2035 'e
155 1963 218 2059 qui
241 1956 429 2061 poterint?
459 1972 524 2034 aut
545 1961 644 2055 quod
671 1981 796 2033 eorum
817 1958 981 2034 interm-
1083 2039 1092 2058 ,

113 2080 183 2148 uu,
207 2070 250 2134 ut
265 2081 287 2134 a
305 2057 340 2133 se
364 2056 519 2135 invicem
543 2056 783 2134 dirimantur?
830 2073 978 2136 certum-

113 2158 166 2237 lm
185 2157 256 2248 eli,
279 2180 343 2232 eos
357 2156 461 2233 srmul
483 2157 645 2233 ellenon
668 2157 852 2255 polse‚·eo
871 2157 970 2253 quod

113 2270 197 2334 rtua
218 2257 374 2355 pernicie
397 2257 435 2333 in
452 2254 485 2331 se
502 2256 657 2332 invicem
678 2258 858 2348 ferantur;
883 2257 979 2352 quin

113 2378 134 2432 c
150 2354 243 2431 alter
258 2358 296 2432 in
312 2354 428 2431 altero
444 2351 764 2457 consisterepotest,
775 2356 822 2428 ob
837 2357 971 2454 imper·

113 2452 248 2531 xtilem
274 2451 554 2550 diffimilemque,
567 2460 756 2532 naturam:
781 2454 877 2548 Ergo
896 2470 972 2529 ter*

113 2576 161 2630 un
181 2550 354 2651 quiddam
381 2553 471 2638 erit,
504 2555 603 2650 quod
624 2555 718 2652 ipsos
742 2553 906 2643 dirimat,
931 2549 972 2630 bt
1117 2604 1123 2619 ι
1179 2570 1184 2579 “

113 2676 139 2729 c
151 2653 268 2759 ipsum
280 2651 544 2750 quoqueDeus‚
559 2651 619 2729 sed
636 2652 738 2748 cujus
752 2663 895 2727 naturae
909 2650 978 2728 hic·

113 2753 200 2828 ttius
225 2752 355 2837 fuerit,
381 2752 533 2827 bonaene
551 2773 600 2826 an
619 2753 753 2839 malae,
772 2752 811 2826 in
831 2751 972 2826 incerto

113 2862 150 2944 t,
171 2870 259 2928 nam
275 2853 464 2947 utriusque
478 2862 619 2927 naturae
631 2849 700 2926 elle
716 2873 790 2926 non
803 2850 948 2951 poterit
1067 2950 1071 2965 ἱ
1134 2852 1136 2857 ’

113 3070 146 3147 4.
175 3042 355 3136 „Nullum
371 3042 480 3142 igitur
495 3042 634 3122 malum
651 3066 757 3123 neca
777 3043 877 3135 Deo,'
901 3012 970 3123 nec
983 3050 1088 3124 Varla
1161 3002 1166 3019 ,

120 3148 225 3235 Deo,
250 3169 318 3229 nec
336 3147 382 3220 ab
401 3144 505 3222 initio
523 3144 665 3234 extitit,
687 3166 805 3242 neque
822 3145 898 3222 ulla
920 3142 1105 3242 estidololr-

113 3270 147 3323 rs
164 3243 374 3334 substantia,
398 3244 459 3320 fed
474 3245 641 3322 homines
656 3265 720 3345 per
733 3246 970 3343 privationem
981 3237 1126 3327 ''last‘'

957 3397 969 3433 ,
981 3329 1050 3379 tter.

113 3343 254 3442 girandi
278 3344 365 3419 boni
392 3342 456 3418 fibi
480 3343 598 3431 illud,
620 3340 718 3441 quod
741 3344 880 3434 malum
906 3344 956 3421 est

113 3439 292 3520 mminiici
307 3442 534 3540 inceperunt,
547 3435 834 3540 effinxeruntque
851 3464 917 3542 pro
928 3443 973 3529 li·

113 3543 193 3617 line
219 3560 282 3631 ea,
308 3559 391 3638 quae
414 3554 621 3619 nonerunt.
681 3541 805 3640 Atque
829 3546 875 3618 ab
901 3541 972 3643 hac

113 3641 211 3717 alitia
226 3640 405 3716 idolorum
416 3653 664 3722 commentum
680 3641 778 3719 luam
794 3639 971 3738 originem

113 3743 203 3818 urit:
234 3754 320 3821 natu
342 3734 651 3840 conspectum,
671 3742 769 3841 quod
789 3742 829 3819 ln
848 3753 980 3818 mente

514 3834 597 3923 Ka
884 3833 973 3933 ποθι
1062 3828 1067 3847 ’
1165 3796 1169 3807 .

1109 4038 1167 4096 tl
