2454 4344
254 252 341 350 300
581 232 624 321 S.
645 230 848 350 Athanasii
922 230 925 235 ’
947 244 950 251 ’

255 418 338 510 „las
356 416 404 493 ab
417 438 462 490 eo
479 432 712 513 acceperant,
735 418 930 511 miserunt,
955 414 1185 516 Romamque

253 519 457 609 „abeuntes
479 518 729 614 poenitentiam
753 530 925 615 egerunt,
969 518 1188 595 confitenter

254 616 404 708 „omnia
417 644 440 699 ,·
454 637 536 711 quae
554 616 612 691 vel
628 616 792 692 dixil'lent
808 617 865 691 vel
881 617 1188 695 fecillentcontra

254 714 540 808 „Athanasium
564 716 650 791 falsa
673 714 763 803 elle,
794 739 911 813 neque
927 718 965 792 id
980 715 1187 814 simplicitet

255 827 457 910 „egerunt,
484 813 543 890 sed
562 816 624 900 ita,
650 825 692 890 ut
716 816 951 891 anathemate
974 836 1187 892 execraren-

253 928 340 1006 „tut
356 913 528 989 Arianam
545 914 715 998 liaerefin,
740 912 777 989 dt
792 918 1040 1011 poenitentiam
1058 916 1194 1014 scripto.
1212 996 1216 1001 ,

113 1084 115 1093 .
254 1015 328 1105 „ad
348 1013 481 1112 Julium
497 1014 705 1090 Romanum
721 1013 949 1099 Pontificem,
968 1014 1006 1089 dc
1020 1013 1187 1091 Athana·

253 1110 370 1204 „sium
389 1115 674 1210 promulgarent:
694 1114 908 1207 quinetiam
925 1112 1022 1190 ultro
1038 1113 1197 1191 subscri·-

254 1213 425 1306 „plerunt
439 1212 593 1306 epistolis
602 1210 775 1310 pacificis,
787 1234 878 1308 quas
886 1211 1075 1289 Athanasii
1083 1214 1188 1290 Pres-

252 1311 420 1408 „byteri,
447 1312 576 1387 Petrus
591 1311 628 1387 dr
648 1313 806 1386 lrenaeus
823 1309 1098 1389 &Ammonius
1124 1314 1188 1390 lai·

253 1432 347 1501 „cus
364 1410 411 1485 ad
429 1411 466 1485 id
483 1415 748 1486 circumeuntes
763 1411 1003 1506 colligebant,
1029 1435 1117 1489 cum
1134 1426 1189 1489 ta·

253 1532 368 1601 „men
384 1508 605 1585 Athanasius
623 1509 714 1586 nihil
735 1509 808 1586 tale
823 1513 869 1587 ab
890 1510 1036 1591 Urlacio
1059 1510 1100 1591 δι
1116 1511 1187 1592 Va·
1216 1550 1223 1577 ·.

254 1605 379 1699 „lente
400 1607 613 1707 postulallet.

325 1831 359 1903 p.
386 1807 505 1890 „Haec
521 1830 605 1882 cum
623 1805 867 1903 conspicerent
884 1805 1072 1885 sententiae
1081 1807 1187 1884 Euse·
1208 1844 1223 1897 n,

257 1905 401 1997 „bianae
430 1905 679 2002 haereseosque
704 1907 933 1990 luccellores,
972 1907 1073 1981 inter.
1098 1929 1186 2005 quoa
1204 1912 1223 1993 i'

257 2007 459 2089 „leontius
476 2005 538 2080 ille
555 2006 749 2091 castratus,
766 2008 828 2101 qui
852 2005 1000 2103 seipsum
1026 2007 1223 2097 abscidite

200 2194 209 2216 ι
256 2118 326 2194 „ut
344 2105 457 2180 libere
473 2129 556 2180 cum
575 2105 735 2180 Eustolio
754 2106 945 2180 dormiret:
965 2106 1008 2182 'dr
1031 2130 1117 2183 cum
1139 2107 1223 2194 vit

256 2206 411 2296 „decent
423 2218 565 2289 tantum
584 2228 667 2280 cum
677 2203 874 2279 lithanasio
884 2205 1089 2282 animorum
1103 2230 1182 2282 con·
1201 2218 1223 2291 ζ

142 2334 147 2347 ·-
198 2308 202 2313 '
254 2298 419 2394 „irrisum
445 2304 597 2397 agitari,
628 2318 730 2379 metu
756 2305 964 2401 invidiaque
986 2306 1087 2381 anxii
1111 2306 1181 2382 fue·
1197 2338 1223 2392 e

253 2417 380 2493 „runt
396 2426 442 2476 ne
457 2425 550 2498 quos
566 2402 627 2498 ipsi
646 2403 909 2500 deceperant,a
926 2404 962 2478 se
978 2404 1223 2495 delicerentu

253 2501 318 2594 „dr
335 2503 382 2575 de
399 2525 525 2575 eorum
544 2501 667 2576 haeresi
684 2503 889 2600 triumphus
905 2520 1085 2598 ageretur.
1112 2505 1205 2607 Pri-p

255 2601 512 2696 „mumigitur
529 2601 675 2677 Url'acio
690 2602 882 2678 &Valenti
899 2603 1127 2699 persuadent,
1148 2612 1223 2695 ull:

255 2713 424 2792 „mutato
451 2699 630 2797 proposito
652 2702 699 2775 ad
724 2704 905 2799 proprium
930 2705 1111 2778 vomitum
1134 2726 1223 2790 reon

139 2816 141 2821 ·
253 2812 488 2892 „vertantur,
524 2799 770 2877 causificantes
802 2802 1053 2897 poenitentiam
1090 2801 1223 2889 suam-fi

173 2921 178 2931 ¹
254 2925 328 2992 „ex
366 2913 468 2975 metu
501 2898 705 2975 Constantis
738 2900 969 2996 Imperatoris
1003 2904 1223 2990 extortam'n

254 2999 360 3093 „effe
424 2997 502 3073 Nec
527 2998 589 3074 diu
612 2998 687 3095 post
710 3000 802 3074 inito
821 2999 976 3073 concilio
993 3002 1211 3097 Imperator

139 3114 143 3120 ’
254 3122 357 3192 „rem
380 3097 629 3179 Constantium
645 3112 770 3172 contm
787 3097 1026 3176 Athanasium
1044 3096 1223 3189 enatet-'n

253 3200 481 3291 „bauetunt,
509 3199 571 3290 qui
596 3219 678 3271 cum
699 3211 830 3273 contra
847 3200 1100 3295 magnentium
1122 3201 1187 3276 iret
1204 3195 1215 3285 i

253 3300 318 3389 „in
344 3295 634 3391 expeditionem,
652 3294 865 3374 sententiam
881 3298 980 3374 luam
998 3314 1120 3376 mutat
1136 3300 1189 3375 ni·.
1208 3332 1223 3387 a

114 3444 116 3452 s
254 3394 333 3486 „hil
346 3395 421 3490 jam
435 3393 667 3491 jurisjurandi
684 3395 735 3472 sui
753 3421 917 3486 memor,
941 3398 979 3474 dc
1003 3423 1089 3475 cum
1106 3399 1188 3477 ellel
1210 3434 1223 3487 t

252 3492 441 3587 „Arelatae
466 3492 504 3568 δι
532 3494 731 3571 Mediolani
756 3499 877 3572 omnia
903 3521 969 3594 pro
997 3498 1223 3590 haeretico-a

252 3615 361 3688 „rum
376 3590 597 3688 suggestione
613 3595 776 3672 faciebat.
805 3598 939 3672 Statim
960 3598 1072 3692 igitur
1086 3624 1189 3677 man·
1214 3614 1223 3690 l

254 3693 369 3793 „data
398 3693 451 3776 ad.
473 3693 683 3800 praefectura
708 3695 840 3777 dantur
856 3749 871 3790 ,
890 3711 940 3779 ‘ut
965 3697 1223 3881 frumentum]

1061 3823 1165 3905 „quo

962 4244 971 4255 x
1024 4175 1041 4221 l
