2454 4344
137 331 142 345 ,
269 228 281 263 ”
307 170 492 360 vri'pisiolo
521 244 570 379 od
598 243 674 394 Ep.
694 240 877 361 AEgpprr'.
980 265 1067 357 239
1174 190 1217 335 ,Ι

126 427 289 533 „quippe
306 450 395 509 cum
423 432 579 532 Joannes
605 431 722 508 dicat:
748 428 790 507 Io
809 427 973 531 principio
993 435 1066 506 erui
1142 464 1145 473 ¹

127 530 328 624 „Verbum
361 531 415 608 isti
438 545 564 607 contra
589 533 811 629 loquuntur:
854 528 1066 628 priusquam

128 632 353 725 „creaietun
378 643 557 708 nouerat.
589 630 712 709 aloem
733 652 876 728 quoque
897 631 942 703 de
960 630 1067 705 Curi·
1189 682 1194 691 ,

130 729 209 823 „sto
234 726 389 829 scripsrt:
410 728 540 833 'Hicest
560 731 761 812 verarDens
778 729 818 806 ei
832 726 902 805 uiro
923 741 1063 804 aterno.
1204 719 1212 753 ³

132 830 212 922 „isti
230 828 376 907 viciffim
392 830 538 920 dicunt,
562 852 636 905 non
655 830 721 904 effe
742 828 920 907 Christum
938 846 1064 903 verum

132 928 298 1021 „Deum,
317 928 377 1004 sed
392 931 589 1028 patriarum
608 954 654 1003 ex
670 929 791 1026 aliqua
808 932 972 1026 portione
988 927 1065 1002 dei·

133 1030 265 1120 „tatis,
284 1028 591 1125 quemadmodum
611 1029 759 1105 numina
775 1028 977 1125 gentilium⁴
1016 1024 1065 1103 Et

82 1164 84 1173 ·
132 1126 354 1227 „Apostolus
374 1129 537 1226 increpat
560 1128 706 1226 quidem
731 1128 926 1214 ethnicos,
965 1125 1064 1222 qnod
1105 1181 1113 1199 .

82 1262 86 1301 ι
130 1248 216 1321 „res
230 1228 396 1326 conditas
409 1241 642 1305 venerentur:
664 1227 717 1303 isti
731 1243 855 1321 autem
864 1250 948 1303 curn
958 1226 1064 1301 Chri·

82 1304 87 1447 f
129 1327 248 1423 „stum
265 1340 467 1407 creaturam
484 1326 740 1427 pronuntient,
766 1328 819 1402 illi
839 1340 963 1402 tamen
980 1324 1065 1407 reli·

82 1450 85 1517 r
128 1427 278 1524 „gionis
303 1426 403 1504 cultu
426 1427 633 1504 inserviunt.
696 1423 791 1517 Quid
811 1450 898 1522 ergo
916 1426 962 1501 ab
983 1425 1065 1500 etb-

81 1522 85 1605 Ι
128 1527 250 1620 „uicis
269 1525 450 1604 differunt.
502 1528 643 1603 Deinde
660 1548 743 1604 curn
753 1526 932 1623 Dominus
947 1528 992 1597 de
1010 1525 1028 1598 s
1045 1558 1063 1582 ·

81 1650 84 1667 ¹
127 1623 232 1725 „ipso
249 1626 436 1723 loquatur:
453 1624 533 1726 Ego
547 1624 695 1704 &Pater
709 1651 806 1705 auum
838 1621 1063 1727 amaoffoan.

126 1754 218 1818 ‚‚1o.
273 1727 337 1802 Et:
368 1726 537 1828 Quioidet
552 1748 621 1813 ane,
638 1728 728 1802 videt
743 1727 783 1802 Εἰ
830 1737 932 1801 atram
949 1749 1065 1799 meum.

126 1822 269 1930 „Joun
288 1848 343 1924 14.
397 1826 445 1901 Et
460 1824 654 1924 Apostolus
669 1825 979 1912 vocetChristum,
991 1820 1066 1926 3η-
1187 1872 1191 1881 ·

114 1935 226 2021 ¹„bor
253 1927 370 2023 gloria
399 1930 485 2024 ejus,
520 1924 558 2000 δι
590 1925 830 2001 charaiierern
861 1922 1065 2000 substantiae

124 2021 239 2123 „ejus
248 2047 264 2117 3.
283 2025 336 2099 isti
351 2022 475 2117 eontra
492 2025 628 2099 audent
646 2025 807 2118 separare
819 2042 916 2112 eum,
930 2020 1066 2097 &alie-

112 2147 250 2219 natum
269 2149 290 2199 a
306 2124 495 2199 substantia
510 2125 629 2199 Patris
646 2124 841 2199 affeverare
860 2119 1067 2198 &mutabi-

122 2225 236 2317 „lem
266 2223 411 2314 fingere.
486 2225 672 2299 Caeterum
707 2248 791 2299 curn
815 2222 924 2298 Pater
950 2223 1066 2295 dicat:

122 2324 231 2418 „Hic
247 2327 287 2423 est
303 2319 409 2397 Filius
424 2346 510 2397 araur
525 2323 668 2398 dileiius.
683 2320 841 2426 jonna.
905 2321 1067 2419 Scriptu·
1134 2406 1140 2419 ,

122 2444 283 2519 „raeque
306 2421 597 2503 afferantvhunc
618 2422 684 2496 effe
700 2424 813 2498 Putris
830 2418 985 2512 uerbum,
1011 2413 1068 2496 isti

122 2525 261 2617 „aliud
278 2523 437 2600 Verbum
454 2522 492 2599 δι
507 2522 732 2620 Sapientiam
747 2523 935 2598 inducunt.
1041 2534 1046 2563 ¹

207 2722 242 2796 ό.
269 2716 508 2809 „Creatorem
535 2730 657 2794 autem
683 2715 751 2794 effe
775 2714 938 2794 Verbum
960 2709 1067 2815 plena
1084 2726 1218 2798 Veram

126 2818 359 2918 „impietatis
389 2821 437 2894 est
468 2823 610 2914 opinio:
649 2840 733 2893 nam
765 2811 790 2890 sr
816 2830 980 2892 creatura
1005 2816 1068 2903 eii,
1082 2839 1138 2880 aon
1150 2821 1187 2900 ιβ

128 2922 346 3017 „quomodo
367 2921 438 3017 ipse
454 2933 517 2994 aut
535 2932 780 2994 creaturarum
797 2916 985 2999 conditor,
1003 2931 1067 2987 aut
1081 2910 1221 2967 ‘mm

128 3020 300 3113 „Filius,
318 3019 524 3116 Sapientia,
549 3030 614 3094 aut
629 3012 791 3094 Verbum
806 3008 945 3092 fuerit?
979 3008 1068 3090 Ver·

129 3124 250 3212 „bum
268 3119 363 3194 enim
381 3145 454 3193 non
470 3133 631 3207 creatur,
649 3117 709 3192 sed
724 3117 896 3212 gignitur,
913 3114 950 3190 δι
969 3134 1069 3188 crea·

131 3237 248 3311 „tura
262 3245 334 3293 non
350 3219 476 3304 Filius,
496 3218 555 3291 sed
573 3238 664 3315 opus
680 3232 822 3292 certum
838 3215 897 3291 est.
937 3205 1072 3301 Quodsi

132 3332 339 3410 ‚screaturae
370 3341 434 3414 per
467 3341 552 3392 eum
586 3318 744 3392 conditae
775 3315 888 3399 sunt,
928 3315 1073 3410 ipseque

124 3423 328 3510 ,ereatura
348 3416 416 3504 est,
438 3415 540 3512 cujus
558 3431 721 3491 creatura
737 3411 904 3490 habenda
924 3410 994 3504 est,
1009 3436 1072 3487 ne·

133 3514 255 3610 „ceiie
277 3515 325 3590 est
348 3518 444 3592 enim
469 3537 577 3612 opera
602 3536 665 3614 per
690 3516 849 3611 aliquem
873 3512 964 3589 fieri.
1016 3507 1074 3586 rie

124 3614 301 3707 ,rursum
326 3614 350 3688 fi
378 3616 451 3692 alia
485 3613 533 3689 est
555 3616 591 3687 in
616 3612 724 3688 Patre
748 3613 919 3711 sapientia
944 3625 1076 3710 praetor

133 3740 270 3813 „eam‚
293 3736 377 3841 quae
399 3717 450 3817 eit
475 3714 549 3818 ipse
564 3710 767 3893 Dppripur,
790 3712 829 3791 bt
850 3710 878 3790 sr
903 3708 1077 3903 sapierptiita²
1200 3730 1203 3739 ’

1025 3859 1035 3902 5
