2468 4358
145 240 231 349 164
461 190 779 367 'dalthonofii'
1089 230 1095 245 “

143 432 247 514 „tem
278 442 342 517 pro
380 421 534 518 ipsorum
559 439 688 500 natura
715 421 984 520 corruptionem
1011 443 1077 495 exe

143 534 229 613 „tra
248 521 448 617 paradisum
465 516 653 598 subituros.
704 523 806 598 Tunc
828 524 937 619 igitur
956 521 1077 595 homi-
1110 586 1112 591 .

144 643 238 711 „nes
255 617 370 715 spieta
379 620 447 696 Dei
465 625 671 719 cognitione
684 622 962 720 praenuntiatam
976 640 1075 697 mot·

144 720 221 810 „tis
237 720 578 797 condemnationem
594 732 820 820 acceperunt.

16 982 41 1015 ,ι
86 955 89 966 1
221 943 256 992 2.
283 916 402 1005 „Cum
419 912 508 992 vero'
520 918 730 994 indecorum
749 914 855 1002 esset,
872 913 940 988 Dei
957 925 1078 993 artem

0 1032 22 1050 ''
63 1016 209 1106 0⁰¹¹·„in
225 1014 435 1094 homilibus
450 1018 633 1112 extingui,
661 1016 719 1090 vel
745 1037 808 1112 per
827 1036 954 1088 eorum
971 1015 1073 1090 iucu-

21 1084 61 1153 ὅ
83 1106 285 1207 '²''„riam,
319 1114 377 1189 vel
402 1137 466 1212 per
490 1112 948 1212 damonisimposturam,
985 1113 1074 1209 quid

74 1214 84 1236 ’
140 1213 291 1310 „quaeso
307 1214 449 1302 Deum,
474 1217 536 1312 qui
551 1218 670 1291 bonus
686 1227 784 1302 erat,
809 1212 1002 1310 oportebat
1019 1213 1073 1287 sa-

140 1311 279 1408 „cere‘l
296 1314 567 1408 permitteretne
581 1313 849 1408 corruptionem
865 1324 991 1386 contra
1008 1332 1075 1386 eos

141 1414 244 1504 „vim
266 1410 363 1486 suam
382 1411 534 1497 habere,
558 1437 601 1486 ac
625 1427 781 1487 mortem
804 1408 886 1508 ipsis
906 1411 1075 1486 domina·¹

140 1508 232 1603 „rit
269 1508 323 1584 At
338 1511 424 1605 quid
441 1510 615 1586 necessum
631 1512 714 1598 suit,
729 1533 793 1586 eos
810 1507 955 1583 creari?
979 1531 1072 1606 prae·

138 1610 284 1703 „stabat
307 1633 371 1682 eos
390 1633 463 1683 non
485 1613 628 1705 genitos
653 1633 763 1706 quam
785 1610 927 1705 genitos
948 1609 1071 1703 negle·

139 1707 240 1803 „stul
254 1707 343 1793 dari,
364 1731 449 1783 nam
463 1733 510 1783 ex
526 1707 705 1805 ejusmodi
720 1709 858 1784 incuria
873 1708 990 1803 magis
1002 1709 1071 1783 im·
1108 1794 1112 1800 ¹

76 1810 78 1817 '
139 1807 347 1902 „becillitas
362 1807 430 1880 Dei
447 1830 556 1903 quarn
577 1808 720 1883 bonitas
746 1820 943 1904 appareret.
995 1805 1074 1882 Seu

136 1930 188 2001 „e
203 1904 340 1981 diverso
357 1905 517 1981 obstabat
536 1907 618 1994 serr,
645 1929 726 2001 quae
743 1907 788 1979 de
806 1905 994 2000 hominum
1014 1905 1070 1979 in·

137 2006 275 2098 „teritu
295 2004 522 2101 promulgata
538 2006 627 2089 suit,
644 2003 887 2080 &absurdum
905 2018 1005 2084 erat,
1021 2004 1070 2079 ob

95 2197 97 2200 ι
135 2103 318 2199 „nostram
339 2105 534 2179 utilitatem
560 2105 680 2179 Deum
701 2104 913 2179 mendacem
942 2102 1069 2179 videri.

52 2212 59 2225 '
136 2204 264 2297 „Quid
285 2203 432 2298 igitura
449 2202 607 2277 Numine
628 2203 809 2299 agendum
834 2198 942 2276 erat?
987 2201 1094 2278 Poe·¹

136 2301 407 2397 „nitentiamne
418 2299 520 2398 supet
535 2303 828 2397 praevaricatione
848 2301 896 2376 ab
912 2301 1073 2376 homini·

46 2442 50 2448 ·
137 2402 235 2494 „bus
257 2397 429 2495 exigere?
481 2398 595 2495 Atqui
611 2399 674 2476 ista
693 2403 903 2496 poenitentia
925 2424 1000 2473 non
1021 2424 1070 2475 ex
1095 2410 1098 2415 ’

136 2521 273 2594 „aequo
291 2499 328 2573 dr
346 2499 441 2573 bono
456 2521 537 2573 cum
556 2500 635 2572 Deo
652 2499 794 2595 egisset,
820 2522 904 2574 nam
927 2523 995 2573 nec
1020 2498 1070 2575 fic
1110 2562 1112 2567 .

136 2596 312 2694 „quidem
338 2596 401 2671 ille
427 2619 538 2673 verax
570 2599 705 2685 fuisset,
741 2598 865 2672 finon
892 2604 1069 2694 perpetuo

134 2696 337 2790 „mortales
351 2697 389 2770 in
409 2699 538 2771 mortis
563 2698 770 2774 detentione
790 2695 1065 2801 permansissent.

135 2795 381 2887 „Paenitentia
405 2797 502 2870 enirn
523 2817 599 2871 rem
625 2820 646 2871 a
673 2795 734 2871 sua
759 2808 886 2871 natura
912 2819 986 2870 non
1002 2796 1067 2871 ab·
1108 2804 1112 2813 '

15 2938 19 2943 -
84 2888 86 2895 ’
136 2894 280 2986 „ducib
298 2892 356 2967 sed
377 2891 602 2970 solummodo
617 2895 842 2970 cessationem
858 2898 895 2968 in
914 2917 1066 2990 peccan-
1107 2842 1112 2995 i

57 3049 60 3053 -
135 2994 212 3086 „do
226 2992 323 3068 facit.
362 2993 457 3079 Quid
473 3017 558 3088 ergo
574 2994 674 3070 aliud
689 2993 811 3070 decuit
828 2992 904 3068 fieri
921 3007 986 3068 aut
1002 3017 1065 3070 cu·
1108 3004 1112 3067 Ξ

3 3114 8 3128 ’
136 3091 223 3188 „jue
243 3112 353 3187 opera
376 3092 423 3164 ad
447 3095 684 3189 reparandam
711 3091 872 3169 amissam
892 3114 956 3190 per
972 3092 1068 3190 p'rae·

133 3189 418 3283 „varicationem
435 3191 602 3285 imaginis
620 3192 762 3267 Divinae
778 3192 932 3288 gratiam
945 3190 1063 3288 requi·
1106 3182 1112 3277 i

133 3290 332 3383 „rebatur,
363 3286 426 3361 nisr
456 3289 564 3367 solius
592 3289 721 3380 Verbi,
758 3293 855 3385 quod
882 3292 930 3366 ab
958 3291 1068 3367 initio
1103 3294 1112 3335 '¹

122 3386 125 3391 ’
132 3388 284 3481 „omnia
298 3384 346 3485 err
361 3386 475 3460 nihilo
491 3389 721 3465 condiderat:
757 3389 846 3487 Ejus
863 3391 959 3465 enim
978 3389 1065 3477 suit,
1106 3346 1112 3451 i

133 3486 198 3577 „id
213 3484 310 3579 quod
329 3487 559 3583 corruptibile
583 3500 686 3577 erat,
711 3487 759 3563 ad
783 3488 1062 3586 incorruptibili·
1098 3454 1112 3569 ‚i

83 3591 95 3629 Τ
128 3594 276 3677 „tatem'
300 3584 493 3672 reducere,
529 3585 567 3662 dr
595 3609 660 3683 pro
692 3589 859 3664 omnibus
893 3587 930 3663 id
963 3585 1063 3682 quod
1110 3596 1112 3601 '

83 3771 87 3781 Ι
121 3702 304 3780 „aequum
321 3682 821 3783 rationiqueconsentaneum
837 3701 938 3779 erat,
962 3688 1070 3795 Patri
1110 3766 1112 3789 ,

227 3837 231 3842 ·
284 3808 289 3815 ’
518 3810 523 3817 ’
596 3838 617 3847 ··
942 3808 1062 3891 aapfae·
1099 3876 1112 3884 ,.
