2468 4358
427 285 520 373 Vnt
544 286 588 374 S.
607 278 789 374 Antonii.
984 314 1073 400 403
1134 263 1143 282 “

130 470 273 567 ,Μ
292 469 461 547 &mone
485 471 674 568 negligens
697 471 817 569 postea
835 470 931 558 fuit,
955 494 1074 569 neque

129 571 333 664 ,infinitus
354 571 442 646 lioet
466 571 582 650 villus
604 568 811 646 infidiarssm
832 571 942 646 finem
964 573 1071 660 fecit,
1164 626 1167 631 -

129 672 262 764 „unde
275 670 340 743 ille
355 671 473 765 magis
490 674 681 768 magisque
696 692 828 766 corpus
846 672 1070 748 macerabat:

131 770 219 863 „ila
238 770 435 864 vigilabat,
467 782 512 843 ut
537 785 655 844 totam
675 770 832 867 persaepe
854 769 994 845 nostem
1016 772 1074 845 iu·

129 867 324 961 ,sumnem
347 869 517 943 duceret:
541 871 663 944 cibum
684 870 794 943 semel
813 870 850 943 in
872 871 933 943 die
956 870 1074 944 sume·

130 967 229 1060 „bat
250 965 327 1064 post
351 967 436 1042 solis
460 967 653 1054 occasum,
695 989 966 1064 nonnumquam
997 969 1075 1066 post

129 1065 333 1160 „biduum
356 1065 433 1141 imo
455 1064 548 1163 iaepe
575 1065 652 1164 post
675 1067 907 1163 quatriduum
929 1070 1073 1145 edebat.

130 1166 279 1259 „Cibus
295 1164 351 1241 illi
363 1165 468 1261 panis
486 1189 570 1242 cum
587 1166 679 1253 sale,
703 1165 742 1241 ἅ
757 1188 851 1260 aqua
867 1165 940 1240 sola
953 1188 1074 1262 ponas.

131 1262 429 1359 „Automatam
460 1263 894 1362 capiendumsufficiebat
926 1265 980 1342 iili
1005 1267 1077 1340 llo·

132 1384 250 1458 „rca‚
285 1386 329 1436 ac
360 1376 404 1437 ut
429 1363 624 1459 plurimum
651 1363 755 1439 humi
781 1366 955 1439 cubabat:
993 1364 1078 1440 oleo

133 1460 307 1556 „inungi
324 1461 491 1550 nolebat,
534 1463 681 1552 dicens,
719 1463 885 1560 praestare
923 1462 1077 1561 juvenes

129 1582 303 1656 „magua
333 1561 521 1635 alacritate
551 1561 740 1636 asceticam
774 1585 967 1647 exercere,
1009 1588 1078 1638 nec

133 1684 214 1754 „ea
232 1679 395 1756 quaerere
410 1682 493 1755 quae
507 1683 638 1758 corpus
657 1661 884 1750 emollirent,
909 1663 996 1761 quin
1011 1687 1096 1762 po»

129 1759 243 1854 „tius
261 1758 448 1837 laboribus
468 1759 694 1836 aliuefacere.

209 1980 247 2054 4
274 1954 364 2045 „Sic
383 1956 506 2054 itaque
532 1953 603 2032 sese
618 1955 803 2033 coartans
817 1954 1005 2035 Antonius
1023 1958 1072 2034 ad
1083 1950 1200 2039 Htw

133 2053 328 2152 „sepum
351 2057 478 2154 procu
501 2055 584 2131 vico
608 2054 673 2130 fita
698 2055 732 2130 se
754 2054 932 2141 matun,
958 2056 996 2133 a
1011 2079 1069 2132 ω-
1082 2035 1225 2136 wie

134 2166 255 2251 „gato
272 2176 320 2227 ex
334 2153 574 2231 familiaribus
595 2154 776 2253 quodam,
796 2167 840 2229 ut
861 2178 992 2252 panem
1008 2155 1073 2234 fibi
1080 2121 1230 2192 *ΝΜ

134 2253 367 2348 „multorum
396 2255 539 2328 dierum
573 2255 767 2334 intervallo
796 2255 975 2343 adferret,
1016 2258 1073 2332 iu⁴
1120 2293 1125 2305 =

133 2351 506 2542 ’timim
530 2351 1076 2539 ltlttu⁰ltl²itlt²lt

134 2505 149 2545 ,
462 2509 472 2527 .

136 2575 276 2645 „mom
302 2553 478 2627 accedens
493 2574 568 2626 una
586 2551 743 2626 nostium
763 2575 846 2627 cum
861 2568 981 2628 turma
998 2552 1076 2630 dae·

135 2669 317 2744 „monum
338 2661 396 2725 tot
421 2652 456 2727 ei
470 2650 596 2746 plagas
612 2649 765 2738 inflixit,
791 2664 835 2726 ut
850 2672 926 2750 prae
949 2653 1079 2728 nimiis
1150 2638 1160 2653 ⁸

136 2750 387 2844 „cruciatibus
406 2765 530 2825 mutus
548 2749 650 2824 humi
663 2748 810 2847 jaceret.
861 2750 1075 2847 insequente

136 2869 257 2944 „vero
288 2848 347 2922 die
372 2871 394 2923 a
423 2840 594 2922 familiari
616 2847 683 2922 illo
706 2847 804 2944 quasi
829 2850 1007 2924 extinilus
1035 2851 1075 2926 in

136 2946 376 3049 „proximum
407 2947 479 3023 vici
508 2947 739 3022 Dominicum
772 2947 915 3023 delatus
922 2970 933 3042 ;
978 2948 1075 3027 circa

136 3060 291 3143 „autem
308 3045 471 3122 mediam
491 3046 631 3122 nostem
647 3044 694 3120 ad
709 3044 744 3120 se
761 3046 944 3133 reversus,
967 3046 1077 3122 fami·

137 3149 297 3242 ,liarem
317 3145 422 3221 illum
446 3146 606 3242 rogavit,
637 3158 680 3219 ut
700 3147 733 3220 se
753 3146 875 3220 denuo
897 3147 944 3222 ad
960 3145 1076 3243 sepul·

137 3269 231 3341 „cra
246 3245 472 3343 deportaret.
523 3242 577 3319 At
599 3245 698 3319 omni
724 3245 820 3319 bono
850 3245 1075 3322 adversarius

137 3343 296 3441 ,accitis
322 3345 473 3420 canibus
498 3343 569 3419 suis
590 3355 733 3420 tantum
757 3344 931 3419 excitavit
953 3344 1076 3443 strepi·

137 3454 270 3541 ,‚tum'‚
310 3456 354 3518 ut
378 3457 479 3518 totus
504 3445 649 3522 concuti
672 3442 855 3536 videretur
882 3444 1005 3533 locus,
1036 3442 1078 3521 ὅτ

139 3543 268 3644 „quali
287 3545 402 3640 ruptis
423 3544 583 3638 'quatuor
606 3540 697 3618 'casae
719 3543 916 3638 parietibus
945 3546 1078 3618 irrum-

139 3665 256 3742 ‚·‚pere
273 3642 460 3717 daemones
476 3640 537 3716 vifi
555 3642 655 3726 sunt,
682 3642 801 3717 varias
821 3643 979 3717 ferarum
998 3662 1080 3736 rep·

139 3743 366 3842 „filiumque
389 3741 509 3819 induti
529 3741 687 3916 brings,
715 3741 868 3839 quoruul
883 3740 1005 3839 flagris
1022 3738 1081 3814 ui·
1216 3794 1225 3810 t

653 3864 721 3925 62
972 3861 1083 3932 „mlh
1185 3892 1190 3901 κ
