2468 4358
186 340 195 363 ,
257 208 362 345 '268⁸
470 280 474 287 ·
563 164 866 381 *brichanafit
941 210 961 245 ⁷
1011 211 1018 219 .
1065 169 1115 371 ,Δ

259 428 407 521 ‚cultor
437 425 500 502 ille
532 425 702 521 Numinis
740 427 935 516 Constans,
968 442 1095 533 oeque
1126 441 1195 521 ego
1222 446 1226 501 r

149 530 151 534 ’
260 526 384 622 „apud
409 551 492 600 eum
526 540 676 614 tantus,
715 542 758 602 ut
788 529 832 621 de
863 525 1064 609 istiusmodi
1087 524 1219 611 rebor,

119 646 125 655 ’
211 706 214 715 ,
260 627 397 720 „verba
414 625 549 701 fuissem
570 625 676 701 ausus
692 625 832 715 facere,
858 624 895 701 dr
909 624 955 700 de
975 625 1194 722 Imperatore
1210 656 1226 703 ,ε

145 730 152 739 ’
260 725 383 822 „apud
410 725 667 824 Imperatorem
692 723 878 801 criminose
902 726 1023 822 loqui,
1066 723 1194 799 imme·

140 874 144 881 ·
260 828 370 916 „mor
395 824 528 901 dlvinae
551 826 652 901 vocis
674 825 726 901 ita
750 825 952 922 loquentis:
991 822 1042 898 Et
1062 825 1100 919 irc
1122 830 1193 895 corr·

127 1006 136 1021 ,
259 975 287 1018 ,,
303 925 420 999 eiectio
443 937 500 999 luc
519 950 627 1023 regem
648 952 686 1001 ne
711 927 888 1012 exccrcris,
919 921 959 1001 8
976 925 1010 1000 iu
1031 920 1194 1021 reccffibur
1223 956 1226 963 ·

259 1021 426 1115 „cubiculi
451 1026 500 1100 tui
527 1051 564 1099 cc
586 1022 811 1099 obtrctlcocris
835 1026 1005 1120 opulento,
1042 1022 1192 1117 quoniam

256 1125 430 1214 ‚uoluens
446 1124 516 1198 cusi
533 1126 680 1221 ouscrrui
695 1150 801 1199 vocem
818 1136 930 1204 ruam.
962 1118 1003 1198 δ’
1018 1122 1132 1195 alatus
1144 1143 1193 1195 rc·

257 1219 450 1313 „nuntiabit
467 1223 647 1320 sermonem
667 1234 767 1299 tuum.
818 1220 951 1311 Quodsi
974 1245 1018 1295 ea
1041 1238 1127 1317 qtrae
1150 1217 1192 1297 ἀὲ
1223 1254 1226 1263 ·

257 1323 433 1418 ‚regibus
460 1322 596 1397 secreto
616 1323 797 1410 dicuntur,
827 1322 985 1399 latebras
1007 1319 1055 1395 ad
1075 1317 1193 1397 celau-
1223 1366 1226 1391 ι

257 1423 374 1511 „dum
403 1446 475 1495 non
505 1423 660 1510 habent,
702 1423 886 1518 quomodo
921 1418 1096 1495 credibile
1126 1414 1193 1507 est,

129 1602 133 1608 ,
256 1518 463 1617 „praesente
477 1522 694 1617 Imperatore
712 1522 750 1596 ὅ(
767 1521 882 1609 totin
900 1521 1025 1597 orbem
1041 1518 1193 1595 circum·

228 1620 459 1711 .‚,stantibus
493 1645 553 1699 me
575 1622 671 1696 male
696 1622 741 1695 d'e
769 1634 806 1694 te
838 1620 1033 1715 loquutum
1066 1612 1193 1697 furser

256 1719 495 1815 „Numquam
524 1719 596 1798 sure
630 1721 824 1797 comitibus
853 1738 918 1797 aut
947 1718 1094 1793 arbitris
1114 1714 1193 1815 '‘fru-

152 1900 156 1907 ,
256 1832 378 1909 „trem
394 1834 499 1895 tuum
517 1820 613 1907 vidi,
639 1842 756 1913 neque
781 1819 843 1894 ille
860 1840 1032 1916 umquam
1049 1836 1193 1891 mecum

129 1979 131 1984 ,
212 1917 382 2025 κν,,[οΙιιε
417 1943 499 1993 cum
534 1918 607 1993 solo
635 1921 744 1996 verba
771 1918 933 2002 miscuit,
974 1916 1034 1991 led
1058 1915 1195 2011 semper

125 2060 129 2069 -
254 2041 368 2117 „cum
384 2019 558 2115 Episcopo
573 2017 650 2115 ejus
664 2019 757 2103 loci,
782 2018 845 2093 ubi
862 2017 1016 2113 agebat,
1040 2013 1194 2111 aliisque

255 2119 345 2213 „qui
369 2119 419 2193 ibi
438 2117 590 2193 aderant
615 2117 662 2192 ad
684 2116 904 2214 colloquium
928 2113 1064 2194 intravi
1083 2112 1122 2193 dc
1139 2124 1193 2187 re·

72 2294 74 2299 ,
208 2232 213 2241 ·
254 2215 373 2308 „cessi
441 2216 562 2307 Huius
599 2217 651 2291 rei
686 2216 784 2296 testis
826 2215 874 2291 est
908 2213 1193 2293 Fortunatianus

85 2312 89 2319 ’
187 2370 196 2393 „-
255 2315 464 2412 „Aquilejae
485 2312 698 2412 Episcopus,
729 2315 766 2390 riu
791 2314 936 2416 plenam
958 2312 1037 2413 ejus
1062 2313 1116 2388 rei
1133 2312 1194 2399 ,hi

33 2430 35 2437 ’
256 2414 425 2507 „ronam
441 2417 547 2489 Pater
564 2415 668 2492 Osrus
686 2416 816 2493 docere
838 2416 982 2513 posset..
1009 2411 1085 2489 Sed
1101 2410 1194 2487 rese·

256 2538 362 2605 „ram
386 2518 508 2589 omnia
537 2515 717 2610 colloquia
746 2537 840 2591 meae
868 2512 1194 2613 proscriberent

252 2613 366 2721 „inde
381 2613 591 2707 cognoscas,
609 2637 717 2709 quam
737 2628 873 2693 temere
890 2615 1073 2691 traducat.
1104 2610 1193 2703 Pro·

253 2711 395 2804 „ferrus
420 2715 495 2801 sum
518 2714 740 2792 Alexandria
767 2740 840 2790 non
865 2713 913 2790 ad
937 2712 1050 2789 castra
1069 2710 1196 2789 fratris
1223 2784 1226 2793 ,

200 2822 204 2827 ’
254 2813 357 2904 „tui,
383 2812 441 2888 sed
458 2815 634 2896 Romam,
659 2837 719 2888 me
736 2837 888 2911 meaque
906 2810 1193 2895 Ecclefiaecom·

159 2997 166 3009 ,
219 2976 221 2981 .
252 2913 540 3004 ‚,mendaturus,
579 2938 650 3011 quo
676 2928 838 3012 tempore
864 2913 1003 2989 multus
1028 2932 1131 3001 eram
1155 2910 1192 2987 iu
1222 3004 1226 3015 Ι

252 3012 476 3109 „synaxibus
506 3013 751 3094 celebrandis,
797 3036 863 3088 nec
890 3034 1066 3108 umquam
1089 3008 1193 3109 fratri
1222 3036 1226 3103 r

251 3125 344 3202 „tuo
369 3111 504 3209 scripsi,
547 3113 610 3188 nisi
639 3113 701 3187 ubi
726 3112 916 3189 Eusebiani
952 3107 1192 3189 calumniosas

251 3212 324 3300 „de
348 3234 410 3287 me
429 3213 570 3289 litteras
596 3213 744 3291 adeum
767 3210 954 3300 mifissent,
995 3206 1191 3287 necessum·

250 3334 348 3406 „que
375 3325 472 3401 erat,
501 3325 543 3386 ut
571 3336 652 3400 me,
688 3312 784 3387 dum·
804 3313 924 3387 adhuc
953 3308 1191 3390 Alexandria

249 3431 443 3504 „agerem,
486 3411 715 3488 excusarem:
775 3412 980 3506 iterumque
1018 3409 1068 3489 ad
1106 3416 1226 3543 eumz

115 3510 120 3523 “
248 3508 411 3606 „scripsr,
437 3509 524 3585 dum
548 3512 638 3587 mihi
657 3511 874 3594 mandasset,
908 3522 950 3590 ut
967 3511 1114 3587 tabulas
1140 3506 1189 3581 sa·
1215 3544 1220 3583 r

120 3620 124 3627 '
248 3632 418 3697 „crurum
442 3609 644 3686 litterarum
672 3610 910 3692 conficerem,
947 3614 1044 3706 quas
1070 3608 1218 3683 conso.

224 3756 229 3767 ·
249 3710 348 3805 „uas
363 3709 410 3793 ad
428 3731 513 3793 euru
526 3708 617 3794 misr,
662 3710 744 3795 Post
762 3708 957 3794 triennium
974 3722 1112 3814 quarto.
1125 3731 1187 3789 am
1210 3700 1226 3859 'q

459 3850 462 3857 '
1114 3830 1186 3900 „no
1213 3836 1216 3841 ’

1220 3320 1226 3337 ἰ

1220 3342 1226 3365 .“

1210 3952 1219 4079 2

1141 4172 1153 4179 .
1215 4106 1222 4201 r

1218 4222 1226 4309 ι
