2468 4358
165 270 211 358 dr
229 266 313 356 not.
336 246 447 355 huon
469 294 493 354 a
515 256 631 354 verbo
655 260 857 428 offirmptap.
895 271 979 379 169

48 453 142 545 „Dei
168 455 350 540 Verbum,
383 453 482 549 quod
503 453 579 528 vita
602 467 698 551 erat,
728 464 883 530 mortem
915 455 977 529 suo
1017 504 1019 509 -

22 608 26 629 .
48 555 215 651 „corpori
240 553 301 629 fua
323 573 436 649 opera
457 552 610 638 inferre,
634 553 685 627 ita
703 575 854 647 -quoque
876 555 978 631 inde·
1059 632 1061 637 ,

51 676 161 743 „cens
177 664 274 737 erat,
290 675 370 729 eam
381 652 534 727 aliunde
548 651 688 726 illatam
705 651 887 751 defugere,
905 674 978 748 quo

54 753 252 842 „moriendi
268 742 425 831 facultas
441 746 740 848 suppeditaretur,
755 764 883 826 utnon
900 764 977 827 'tam

54 851 173 940 „suam
190 850 447 948 ipsrus‚1quam
464 850 626 925 omnium
644 860 797 925 mortem
812 850 978 926 consum·

56 963 202 1043 „maret
254 948 394 1024 Deinde
419 947 445 1022 fi
466 949 638 1023 occultim
660 970 788 1044 corpus
812 948 889 1045 ejus
913 974 978 1023 ex·
1112 1036 1117 1053 Ι
1162 1024 1165 1031 ,

56 1049 225 1139 „tinfium
252 1047 368 1123 fuisset
394 1072 468 1122 non
497 1046 683 1146 propalam
707 1047 868 1122 exhibita
897 1048 977 1145 ejus
1159 1070 1162 1077 ·

57 1163 210 1237 „morte‚
236 1169 353 1243 neque
369 1169 492 1222 coram
513 1145 660 1220 testibus
684 1146 802 1229 obita,
828 1147 977 1223 obscura
1010 1180 1036 1241 j

58 1269 217 1344 „quoque
232 1245 270 1321 dt
286 1245 520 1320 incontestata
541 1243 649 1344 ipsrus
673 1244 875 1320 resurretiio
891 1247 977 1321 fuis·
1106 1289 1109 1295 ,

10 1383 13 1397 ν
58 1346 145 1432 ,‚fet‚
173 1369 240 1419 nec
258 1344 336 1442 ejus
357 1344 518 1441 discipuli
538 1367 622 1419 cum
639 1344 769 1419 fiducia
792 1344 838 1420 de
862 1344 977 1419 resur·

10 1478 14 1498 ι
56 1445 228 1531 „restione
242 1443 320 1541 ejus
336 1434 613 1528 differ-uiuenti
630 1444 675 1531 de
692 1459 809 1517 morte
826 1443 905 1540 ejus
921 1446 976 1519 ni·
1069 1520 1071 1524 ,
1196 1468 1199 1477 ’

10 1564 13 1601 t
55 1544 125 1631 „hii
140 1545 231 1619 certi
248 1540 376 1617 afferre
386 1541 587 1641 potuissent,
606 1565 689 1616 nam
706 1539 821 1638 fietus
837 1546 977 1640 tempo·

54 1645 121 1730 „ris
136 1640 308 1718 Pharisaei
323 1641 610 1716 resurreftionem
628 1639 706 1738 ejus
724 1642 869 1717 credere
890 1657 977 1718 tunc

52 1742 288 1829 ,‚ooluerunt,
314 1755 404 1836 quot
426 1739 709 1817 causrsicationes
734 1742 976 1819 nonoreden·

16 1846 19 1850 ’
50 1843 109 1928 „di
134 1840 333 1916 commenti
355 1837 486 1928 essent,
513 1837 622 1914 srista
639 1840 786 1914 omnino
803 1840 976 1918 occultim

49 1941 149 2027 ,ueri
178 1938 389 2034 contigisset.
456 1936 647 2026 Quomodo
671 1952 869 2034 porro-aut
893 1937 975 2025 sinis

48 2039 202 2127 „mortis
218 2052 282 2114 aut
297 2037 442 2113 vistoria
458 2038 504 2112 de
520 2047 637 2112 morte
649 2035 783 2113 ostendi
799 2036 975 2133 potuisset,

47 2137 135 2227 „nifi
152 2137 254 2215 illam
276 2136 338 2212 sub
362 2136 477 2211 oculis
499 2135 704 2212 onustorum
729 2138 766 2211 in
788 2135 822 2210 se
845 2158 975 2232 provo·

45 2252 191 2323 ‚catam
214 2248 397 2315 mortuam
411 2234 626 2310 reddidisset.
680 2236 753 2312 Sed
773 2234 918 2311 forsitan
935 2234 975 2314 dr

44 2335 142 2426 „hoc
163 2335 294 2433 aliquis
317 2334 472 2422 dixerit,
498 2332 523 2408 fr
545 2356 667 2410 coram
684 2335 854 2411 omnibus
869 2357 975 2433 opor·

44 2436 172 2524 „rebat
197 2432 274 2510 fieri
297 2433 376 2528 ejus
399 2444 588 2518 mortem,¹
625 2456 665 2508 ar
685 2434 775 2524 suit,
799 2449 841 2519 ut
861 2436 973 2512 hone·

10 2534 14 2631 f
45 2532 161 2623 „stam
177 2531 241 2609 fibi
256 2543 412 2608 m'ortem
429 2456 774 2622 comminifceretun
795 2532 833 2610 dt
851 2533 975 2611 saltem

44 2633 306 2727 „ignominiam
331 2632 448 2709 crucis
468 2630 665 2725 defugeret.
716 2633 831 2730 Atqui
855 2632 880 2707 sr
904 2635 975 2709 hoc

10 2780 12 2793 ·
45 2731 226 2821 „fecisfet,
242 2732 387 2828 plenam
405 2729 637 2826 suspicionem
652 2732 698 2807 de
713 2731 747 2806 se
761 2731 973 2828 praebuisset,

10 2822 12 2909 ζ
44 2831 171 2927 „quod
187 2854 260 2904 non
276 2832 313 2904 in
330 2852 440 2903 omne
463 2851 578 2922 genus
597 2831 745 2917 mortis,
763 2831 823 2905 sed
842 2830 973 2905 dunta-

10 2928 13 2993 ἐ
45 2941 137 3025 ,Μ
151 2931 189 3005 in
206 2953 301 3018 eam,
324 2950 432 3023 quam
447 2926 519 3025 ipse
535 2932 772 3026 excogitarat,
785 2931 859 3006 rim
875 2928 974 3004 suam

45 3026 239 3117 ‚,haberet:
272 3031 369 3102 unde
394 3025 466 3123 ipse
497 3031 638 3124 corpori
661 3040 840 3116 mortem,
864 3050 974 3126 quam

10 3134 13 3233 J
47 3128 208 3216 „inimici
225 3126 276 3202 sui
292 3146 438 3224 gravem
453 3125 491 3199 dt
508 3137 651 3225 turpem
669 3128 915 3203 existimarunt
935 3128 974 3201 in

10 3238 14 3309 t
46 3247 178 3314 „truce
196 3238 385 3322 exceptam
407 3223 586 3312 sustinuit,
611 3225 649 3302 dt
664 3239 794 3323 praeter
809 3226 976 3301 inimico-
1049 3240 1053 3249 '

10 3416 14 3423 .
47 3347 153 3413 „rum
170 3325 313 3400 suorum
331 3323 615 3420 expectationem
634 3324 909 3420 ignominiosum
928 3324 973 3399 il·

10 3482 15 3501 .
45 3423 138 3514 ‚dud
160 3424 337 3498 moriendi
369 3443 485 3516 genus
513 3425 724 3500 conversum
758 3424 809 3500 est
837 3425 876 3501 in
899 3436 974 3497 tro·

47 3523 221 3620 „phaeum
235 3523 384 3597 devistae
407 3524 547 3603 mortis.
579 3525 775 3612 ,Quocirca
791 3522 974 3621 necJoan·

22 3650 25 3655 ·
45 3622 131 3711 „nis
144 3636 301 3696 mortem
319 3619 477 3696 sustinuit
493 3622 622 3717 capitis
636 3635 825 3710 truncatu,
852 3646 918 3695 nec
932 3634 975 3695 ut

10 3722 12 3727 ’
42 3719 197 3814 „Esaias
211 3720 305 3798 serra
321 3720 483 3797 dissefius
495 3721 576 3896 fist.
595 3734 638 3800 ut
657 3721 695 3800 dr
713 3723 752 3801 in
767 3736 885 3805 morte
902 3717 974 3832 fine

120 3894 123 3899 .
554 3841 577 3927 5
840 3829 978 3914 „muti⁴
