2468 4358
13 37 30 239 ι
131 242 139 257 Ι
226 278 450 427 fSerlminrr
481 283 531 370 od
560 280 827 371 Monacdora'
931 296 988 398 89

12 374 23 575 Ι
58 488 144 562 „cos
160 470 387 565 perturbare,
403 465 565 564 diiiipare
578 470 890 565 congregationes,
909 493 987 547 om

22 620 30 636 .
56 568 187 660 „nibus
203 567 311 643 malis
329 568 512 663 patrandis
532 567 618 642 dare
636 590 810 664 operam,
832 566 984 662 semper·

55 690 149 765 ,oue
178 667 219 743 iu
243 670 449 764 proximum
472 667 672 743 machinari
694 668 832 751 dolum.
896 669 986 746 Ora·

54 770 212 857 „tiones
232 765 480 864 eleemosynas
497 765 684 863 &jejunia
698 767 985 864 bilinguis-tene·

53 866 150 961 „bris
163 864 339 969 obvoi11ta
355 865 557 961 comperies
575 890 698 941 coram
717 867 807 941 Deo.
857 860 990 965 Longe'

53 988 164 1062 „ergo
185 964 340 1060 fugitea
365 963 529 1060 bilingui,
543 966 741 1041 amicitiam
757 988 840 1040 cum
859 989 904 1040 eo
920 993 985 1042 ne·

31 1116 34 1121 ·
52 1085 259 1175 „quaquam
276 1065 426 1149 ineatis,
445 1066 530 1159 quia
550 1064 613 1161 qui
629 1088 711 1139 eam
734 1087 817 1139 cum
835 1065 900 1141 illo
915 1069 983 1145 ini·

47 1164 189 1255 ·'„verit,
214 1185 296 1237 eam
312 1187 398 1239 cum
422 1177 540 1238 morte
551 1164 688 1239 inivit:
726 1165 801 1238 imo
818 1164 982 1242 adnitere

51 1264 162 1352 „totis
176 1263 334 1348 viribus,
360 1287 407 1336 ne
432 1285 517 1337 cum
539 1263 605 1339 illo
627 1262 808 1360 loquaris,
834 1288 880 1339 ne
904 1263 983 1362 ejus

52 1360 219 1460 „peffima
236 1363 378 1437 ediscas
399 1382 533 1460 opera,
560 1377 668 1460 teque
689 1361 839 1441 inficiat.

186 1563 191 1568 ·
303 1556 724 1663 suerroxx.

51 1705 233 1835 „Fugere
257 1702 465 1778 adnitamur
488 1700 626 1778 dolum.
688 1702 812 1778 Homo
835 1698 980 1778 dolosus
996 1704 1044 1774 ue
1060 1702 1138 1779 aaa.

147 1803 333 1891 „ammam
355 1801 455 1877 suam
475 1801 609 1898 decipit
624 1813 767 1877 tantum
779 1817 803 1891 ,·
815 1801 900 1899 quia
915 1802 980 1876 do·

48 1900 131 1992 „lus'
152 1900 233 1999 ejus
254 1903 447 1977 revertitur
471 1901 510 1976 in
534 1912 643 1998 caput
668 1900 787 1997 ipsius.
838 1901 980 1995 Lingua
1088 1920 1091 1924 ·

47 2002 231 2092 „hominis
248 2000 360 2075 dolosi
379 2000 516 2076 excitat
538 2001 815 2087 contentiones,
838 1997 979 2075 effufio·
1057 2052 1073 2073 -.
1214 2061 1217 2066 .

43 2108 226 2196 „nemque
249 2100 453 2197 sanguinis:
490 2099 552 2196 qui
574 2099 773 2174 amicitiam
796 2099 979 2176 contrahit

44 2224 153 2290 „cum
176 2223 235 2284 eo,
248 2223 329 2274 eam
347 2200 431 2275 cnm
448 2195 755 2298 peiiimodiabolo
775 2199 975 2275 contrahit:
997 2281 1006 2288 ,

39 2298 180 2399 „satius
200 2298 266 2374 tibi
287 2298 356 2391 est,
374 2298 441 2373 effe
463 2322 547 2373 cum
563 2297 663 2384 feris,
679 2319 789 2396 quam
812 2320 896 2375 cum
912 2297 979 2373 ho·
1085 2371 1090 2379 ,

38 2399 168 2489 „mine
198 2397 342 2489 doloso,
368 2395 540 2493 siquidem
570 2397 724 2473 suaviter
747 2397 889 2474 accedit
913 2395 977 2473 iste

36 2498 113 2589 „ad
129 2512 191 2586 te,
207 2494 285 2572 atsr
301 2517 365 2572 cor
385 2496 485 2581 illius
502 2494 777 2586 contristaveris,
803 2509 840 2572 te
858 2499 974 2593 impa-

36 2610 188 2689 „ratum
199 2594 354 2695 jugulat.
412 2595 502 2671 Sitis
521 2619 607 2691 ergo
622 2595 753 2672 fratres
776 2618 841 2671 cor
858 2617 974 2672 unum
1018 2628 1022 2637 ·

36 2697 103 2788 „in
127 2694 209 2796 Jesu
232 2693 392 2784 Christo,
418 2717 524 2792 opem
547 2695 702 2789 invicem
728 2694 905 2784 ferentes,
932 2707 976 2773 ut

35 2793 244 2888 „Dominus
274 2794 386 2870 etiam
419 2793 536 2869 nostra
562 2808 740 2890 praeparet
784 2796 894 2870 corda
926 2795 975 2870 ad

36 2892 128 2987 „sua
142 2896 315 2969 mandata
335 2892 501 2970 facienda
516 2915 632 2988 usque
648 2893 694 2968 ad
709 2893 805 2967 diem
821 2892 976 2968 manife-

34 2986 386 3093 „stationis'pienae'
398 2992 525 3088 gloriae
547 2987 610 3089 per
632 2991 751 3091 Jesum
778 2991 972 3082 Christum,

34 3093 123 3183 „cui
139 3092 255 3190 gloria
270 3092 308 3167 dr
324 3091 441 3166 honor
461 3115 509 3165 ex
525 3114 634 3178 nunc,
657 3091 695 3167 dr
713 3092 812 3167 omni
829 3103 970 3192 tempo·

30 3214 99 3286 „re
108 3245 123 3288 ,
151 3191 190 3271 &
209 3193 248 3270 in
269 3189 401 3273 saecula
418 3190 643 3268 saeculorum.
676 3189 809 3272 Amen.
