2468 4358
167 236 252 364 188'
286 206 292 214 ’
496 256 536 346 S.
561 254 782 371 Athonofii,
839 256 859 271 ”

165 441 343 536 „alterius
358 440 604 540 supervenire,
629 464 712 538 quae
737 445 906 519 exortum
932 436 1033 519 suum

167 543 384 634 „Salvatore
401 540 590 620 consecuta
607 541 667 621 est,

42 743 150 828 cumei.
227 762 262 837 7.
273 726 705 822 „Praetereacircumcisro
718 732 1029 821 nihildenotabat,

8 867 107 929 oper
164 835 456 931 „deposnionem
470 836 692 934 exuvia'sque
705 834 872 912 detrattae
886 832 1033 909 nativit·

0 940 11 984 ·'
74 931 111 981 ’·
172 934 320 1035 „Coi'osp
340 963 373 1011 2.
406 959 492 1027 nam
520 932 738 1015 circumcisro
762 933 878 1030 figura
901 943 1033 1008 erate

6 1032 69 1075 om
92 1012 146 1079 ’θ’
171 1035 357 1126 ‚,viarun‚
372 1056 455 1131 quae
470 1056 533 1135 per
549 1035 780 1132 Baptismum
796 1033 1033 1144 deponuntur,

98 1144 109 1169 ’
150 1146 154 1154 ’
171 1134 346 1231 „lamque
360 1135 398 1209 in
415 1135 588 1210 membris
605 1132 823 1229 genitalibus
835 1128 930 1228 Julirt
949 1127 1030 1205 fieri

172 1234 529 1324 „animadverterent
555 1229 771 1316 circumcisi,
796 1226 1033 1305 circumeifior

97 1416 100 1421 ⁴
173 1331 339 1427 „srgnum
364 1331 433 1405 eiie
459 1331 637 1407 exuendae
666 1329 873 1416 vetustatis,
912 1326 1033 1403 Abroi

173 1431 314 1521 „enimi
331 1430 394 1505 ubi
407 1429 488 1509 Deo
503 1430 719 1514 crediderat,
728 1424 1033 1505 cncumcifionem

173 1531 297 1626 „cepit
311 1550 376 1626 pro
390 1540 479 1605 nota
491 1529 792 1625 regenerationis,
817 1547 899 1622 quae
920 1546 986 1622 per
1007 1523 1033 1599 E

115 1674 117 1679 -
173 1629 350 1719 „rismum
380 1628 580 1703 conficitur.
655 1628 882 1724 Quapropter
907 1624 1033 1698 ubive

74 1787 80 1796 .
173 1739 258 1817 „ran
273 1748 352 1816 res,
379 1749 461 1823 quae
480 1727 597 1822 figora
610 1724 874 1810 denotabatur,
898 1721 1033 1817 figura:

170 1826 417 1922 „conquievit
473 1825 640 1904 Arbitror
656 1837 779 1899 autem
799 1819 1033 1898 circumcisrot

170 1924 282 2015 „ideo
305 1924 429 2009 datam
454 1924 541 2015 effe,
565 1923 663 2020 quod
687 1922 832 1998 Adamo
853 1920 988 2012 diuum
1013 1917 1033 1994 fi

99 2073 103 2090 ·
169 2073 198 2114 „
206 2023 310 2099 Tmo
324 2022 423 2114 eu&
430 2024 597 2101 interram
608 2023 786 2100 reveneris.
802 2018 884 2096 Gen.
896 2046 931 2115 3.
958 2019 1033 2115 Εἰς

17 2142 26 2160 ‘
61 2198 66 2215 ¹
170 2135 388 2220 „propterea
406 2144 536 2225 corpus
551 2123 785 2208 moriebatur,
809 2119 894 2194 inde
909 2117 981 2207 est,
1004 2138 1033 2215 qt

169 2231 337 2318 „partem
354 2222 515 2318 corporis
529 2220 806 2318 procreatricem
815 2215 894 2315 juffi
911 2217 1033 2311 suntu

171 2318 306 2411 „stare
323 2319 420 2395 unde
438 2321 551 2394 totius
566 2319 725 2393 hominis
740 2315 1022 2398 circumcidendi

173 2415 370 2510 „cumcisvo
386 2417 614 2515 particularis
625 2416 820 2492 delineatio
838 2416 921 2495 fuit.
977 2415 1033 2491 Ra

171 2529 326 2607 „autern
343 2515 543 2592 constitutis
562 2516 707 2594 videtur
722 2516 761 2591 in
782 2526 900 2591 totum
918 2515 1033 2591 circun

172 2613 251 2707 „sro
266 2615 452 2697 dataeffe.
478 2626 520 2690 ut
543 2618 728 2692 auferatur
739 2614 958 2712 vituperium
971 2624 1033 2689 ten

171 2712 720 2805 ,‚iiemmatisabAbrahamitis.
755 2711 1033 2792 Ablammeun

172 2813 432 2906 „opprobrium
448 2813 567 2889 delitti
580 2813 627 2889 ad
644 2813 796 2908 figuram
813 2811 1033 2909 ejusBapt'ist

167 2912 269 3001 ,‚tis,
296 2910 393 3005 quod
413 2912 452 2986 in
469 2911 607 2988 Christo
621 2911 816 3007 perficitur,
832 2912 920 2991 tunc¹
939 2910 1033 3010 enim

170 3020 299 3105 „parte
314 3008 437 3096 fiebat,
456 3022 584 3107 utpote
602 3010 648 3084 ad
666 3009 844 3097 umbram,
864 3031 962 3084 nunc
978 3018 1033 3086 aut

169 3106 298 3197 „frcuti
318 3106 514 3206 Apostolus
534 3110 606 3195 ait,
631 3120 812 3183 terrenam
836 3107 1015 3207 originem

168 3220 325 3296 „nentes
348 3229 410 3304 per
435 3209 620 3295 lavacrum
637 3208 818 3304 Baptismi
834 3229 1033 3302 regenerari

169 3327 243 3394 „ne
273 3304 427 3385 ulterius
462 3327 526 3401 pro
560 3306 700 3381 ratione
733 3307 894 3403 priorum
923 3299 1033 3385 natali

134 3464 137 3471 .
168 3415 351 3494 „mortem
373 3417 608 3499 oppetemus,
647 3405 707 3480 ied
739 3404 1009 3484 circumcisrone

166 3502 266 3596 ,2qua
281 3522 411 3598 corpus
428 3502 593 3590 exuitur,
618 3503 656 3579 dt
682 3525 763 3600 quae
787 3502 935 3578 nonnisi
953 3503 1033 3579 lava

167 3599 433 3695 „Baptismatis'
471 3601 678 3688 conficitur,
713 3604 950 3677 viveremus:
1003 3625 1033 3677 ut

168 3698 506 3804 „quemadmodum
519 3700 612 3785 dixit
630 3701 812 3786 Dominus
827 3700 954 3800 josue,
984 3698 1033 3803 obp

904 3876 907 3889 .
985 3824 1033 3892 »Ῑὶ
