2468 4358
141 280 146 287 ·
259 204 620 366 Apologiacontra
643 247 830 375 Arianos.
927 259 1014 366 2'13
1137 353 1143 371 ÷

67 431 187 529 '„iem,
207 432 395 513 Ursacinm
413 433 451 511 ὄι
472 434 666 512 Valentem
683 460 729 510 ex
745 437 955 527 PannoniiS,
972 438 1012 516 &
1121 508 1124 513 ,

57 536 390 632 '„Manophantum
406 535 608 631 Ephesum,
636 537 834 631 Georgium
851 561 897 610 ex
914 540 1009 612 Lao.
1138 574 1159 593 .,

68 634 227 727 „dicea,
252 635 291 710 &
315 634 525 730 scripserunt
549 635 596 708 ad
622 657 749 709 omnes
778 637 911 731 ubique
935 650 1009 711 ter·

26 781 34 789 -
64 754 220 826 „aarum
253 734 470 830 Episcopus,
503 732 615 808 &ad
645 732 1005 907 [iugulasdnraecias

34 900 48 915 .
64 854 242 925 „eorum,
256 833 318 932 qni
334 829 503 930 injuriam
516 830 601 935 paffi
619 845 723 910 erant
738 834 786 911 ad
802 834 815 909 i
846 857 907 911 um
923 859 1004 911 mo·
1144 891 1150 899 ,

14 984 18 1055 ἱ
65 932 199 1028 „duan

13 1132 21 1215 ἶ
62 1143 237 1262 Epistola
260 1144 420 1234 concilii
440 1147 609 1234 Snrdicae
633 1149 858 1257 congregati
882 1175 903 1232 e
925 1084 1005 1231 iio-¹
1071 1158 1074 1177 '
1192 1136 1196 1147 ’

62 1308 155 1377 ma„
170 1281 364 1383 Hispaniis,
402 1283 550 1373 Galliis,
586 1283 790 1384 Campania,
820 1281 1003 1374 catania,

62 1404 217 1521 Apulia,
241 1403 389 1502 Africa,
411 1404 594 1495 Sardinia,
628 1405 830 1493 Pannoniis,
861 1404 1002 1496 Daciis,

62 1527 214 1617 Norico,
235 1524 365 1616 inscia,
381 1526 581 1612 Dardania,
596 1526 742 1626 secando
758 1525 892 1614 Dacia,
917 1526 1002 1600 Ma·
1033 1582 1037 1601 .

73 1651 242 1735 .„n„,·,‚
269 1646 450 1749 affinia,
476 1646 631 1755 Aetna,
657 1649 786 1750 Epiro,
819 1646 974 1742 Thracia
1125 1734 1129 1757 ,

179 1768 336 1877 Rhodope
355 1760 553 1878 Palaestina,
579 1768 737 1867 Aratio,
766 1770 878 1864 Creta,

447 1892 610 1995 AEgnpto.

57 2050 119 2110 ιο.
146 2024 317 2159 „Etiam
348 2036 544 2122 antequam
576 2021 820 2122 reciperemus
852 2023 995 2140 iitteras

106 2176 110 2180 -
257 2122 414 2211 „vestras
431 2125 535 2205 nobis
560 2140 786 2220 compertum
811 2124 902 2208 sunt,
928 2151 992 2199 an-

56 2222 293 2339 „tefignanos
308 2223 528 2302 Arianorum
544 2224 661 2301 multa
677 2223 716 2305 ὅ(
732 2226 855 2321 gravia
875 2216 992 2318 m'agis

58 2346 122 2416 „m
149 2324 302 2399 exitium
325 2322 466 2402 suarum
482 2322 704 2411 animarum,
730 2325 898 2419 quanin
922 2325 992 2398 Ec·
1043 2392 1047 2399 ,
1140 2312 1170 2360 “·

58 2420 229 2516 „alestam
246 2421 394 2499 inolitos
411 2421 489 2503 effe.
540 2423 649 2502 Certe
672 2423 794 2498 fratris
820 2422 927 2499 nostri
952 2422 991 2499 &
1098 2431 1102 2440 '
1139 2440 1144 2464 ·

56 2521 294 2619 „eoepiscopi
321 2519 509 2607 Athannsli
535 2521 780 2599 innocentiam
807 2522 842 2596 vi
870 2524 989 2620 oppri-

57 2645 186 2713 „mere
210 2621 331 2699 conati
359 2620 460 2708 sunt,
486 2618 622 2724 &jam
644 2643 766 2698 coram
791 2623 989 2710 intuentes,

56 2742 195 2818 „quam
213 2744 285 2794 non
301 2719 436 2818 poiient
452 2719 498 2798 de
510 2720 557 2799 iis
571 2720 680 2801 rebus
693 2719 988 2824 justadocumen·

53 2832 121 2914 „ta
137 2816 285 2905 afferre,
309 2842 392 2895 cum
416 2817 526 2894 effent
547 2819 585 2895 in
608 2820 696 2896 urbe
719 2821 888 2906 Sardica,
912 2842 988 2895 non

53 2917 158 3012 „ausi
173 2919 255 2993 sunt
275 2919 312 2993 in
327 2917 480 2992 concilio
498 2917 710 2993 Saniiorum
730 2919 987 3016 Episcoporum

18 3056 21 3063 ’
53 3040 264 3115 ’'²pp³‘⁶‘³··
318 3017 398 3103 Qua
419 3040 466 3101 tx
489 3038 529 3091 ¹0
551 3017 704 3114 aeqntas
719 3016 845 3115 iunci
863 3017 987 3091 frans
1129 3024 1134 3033 ,
1161 2980 1165 2989 “

52 3117 119 3211 „&
143 3114 350 3213 Coepiscopi
378 3114 485 3189 nostri
506 3115 590 3213 Julii
615 3119 800 3215 apparuit,
825 3115 916 3191 adeo
940 3129 984 3192 ut

51 3215 173 3310 „nihil
198 3215 422 3311 relinquatur
443 3214 543 3289 dubii
565 3215 611 3288 de
632 3216 886 3292 communione
911 3213 984 3291 fra·
1108 3274 1118 3303 x
1161 3248 1169 3257 ·

50 3316 153 3409 „tris'
180 3314 287 3388 nostri
320 3311 531 3401 Athanasii,
563 3315 777 3390 adducentis
801 3315 982 3409 astoginta
1063 3356 1069 3367 x
1193 3348 1204 3379 c

47 3413 278 3510 „Episcopos
302 3434 409 3487 veros
436 3410 542 3486 testes
571 3434 635 3508 pro
668 3414 702 3487 se
734 3416 771 3488 in
793 3411 981 3511 judicium.

49 3511 175 3607 „Illud
200 3532 344 3608 quoque
367 3509 479 3589 nestra
495 3510 652 3585 charitas
670 3514 882 3609 conspiciat,
908 3513 983 3609 post

47 3610 269 3708 „Athanasii
293 3610 340 3682 ad
365 3608 556 3707 Synodnm
576 3609 821 3686 Sardicensem
849 3614 983 3686 adven·
1068 3624 1077 3644 ‘
1203 3660 1206 3671 »

47 3724 161 3818 ,ψ
182 3708 376 3786 orientales
394 3708 660 3882 citatosoiitiiie,
682 3732 807 3788 verum
820 3713 904 3786 illos
921 3711 981 3784 ina

576 3835 601 3904 4
870 3834 992 3899 „cons
1090 3827 1095 3834 ·
