<?xml version="1.0" encoding="UTF-8"?>
<!DOCTYPE html PUBLIC "-//W3C//DTD XHTML 1.0 Transitional//EN"
    "http://www.w3.org/TR/xhtml1/DTD/xhtml1-transitional.dtd">
<html xmlns="http://www.w3.org/1999/xhtml" xml:lang="en" lang="en">
 <head>
  <title>
</title>
<meta http-equiv="Content-Type" content="text/html;charset=utf-8" />
  <meta name='ocr-system' content='tesseract 3.04.00' />
  <meta name='ocr-capabilities' content='ocr_page ocr_carea ocr_par ocr_line ocrx_word'/>
</head>
<body>
  <div class='ocr_page' id='page_1' title='image "./analysisoperums12schrgoog_0290.png"; bbox 0 0 2454 4344; ppageno 0'>
   <div class='ocr_carea' id='block_1_1' title="bbox 175 216 1181 405">
    <p class='ocr_par' dir='ltr' id='par_1_1' title="bbox 175 216 1181 405">
     <span class='ocr_line' id='line_1_1' title="bbox 175 216 1181 405; baseline -0.003 -26"><span class='ocrx_word' id='word_1_1' title='bbox 175 216 187 239; x_wconf 50' lang='lat' dir='ltr'>x</span> <span class='ocrx_word' id='word_1_2' title='bbox 225 252 426 405; x_wconf 33' lang='lat' dir='ltr'>‘Apologia=</span> <span class='ocrx_word' id='word_1_3' title='bbox 452 290 502 375; x_wconf 75' lang='lat' dir='ltr'>ed</span> <span class='ocrx_word' id='word_1_4' title='bbox 528 248 806 403; x_wconf 64' lang='lat' dir='ltr'>Constantium,</span> <span class='ocrx_word' id='word_1_5' title='bbox 861 244 985 405; x_wconf 34' lang='grc' dir='ltr'>Ι2713</span> <span class='ocrx_word' id='word_1_6' title='bbox 1047 316 1056 343; x_wconf 71' lang='lat'>⁷</span> <span class='ocrx_word' id='word_1_7' title='bbox 1179 342 1181 347; x_wconf 66' lang='lat'>,</span> 
     </span>
    </p>
   </div>
   <div class='ocr_carea' id='block_1_2' title="bbox 42 464 1060 775">
    <p class='ocr_par' dir='ltr' id='par_1_2' title="bbox 42 464 1060 775">
     <span class='ocr_line' id='line_1_2' title="bbox 44 464 1060 573; baseline 0 -20"><span class='ocrx_word' id='word_1_8' title='bbox 44 470 287 570; x_wconf 74' lang='lat' dir='ltr'>„Asexmdrb</span> <span class='ocrx_word' id='word_1_9' title='bbox 313 476 466 573; x_wconf 84' lang='lat' dir='ltr'>aliisque</span> <span class='ocrx_word' id='word_1_10' title='bbox 491 469 660 551; x_wconf 87' lang='lat' dir='ltr'>Patribus</span> <span class='ocrx_word' id='word_1_11' title='bbox 683 473 801 550; x_wconf 75' lang='lat' dir='ltr'>astum</span> <span class='ocrx_word' id='word_1_12' title='bbox 825 464 893 558; x_wconf 80' lang='lat' dir='ltr'>est,</span> <span class='ocrx_word' id='word_1_13' title='bbox 920 477 983 571; x_wconf 91' lang='lat' dir='ltr'>qui</span> <span class='ocrx_word' id='word_1_14' title='bbox 1057 544 1060 553; x_wconf 89' lang='lat'><em>.</em></span> 
     </span>
     <span class='ocr_line' id='line_1_3' title="bbox 46 574 983 672; baseline -0.002 -20"><span class='ocrx_word' id='word_1_15' title='bbox 46 588 281 669; x_wconf 84' lang='lat' dir='ltr'>„conuentus</span> <span class='ocrx_word' id='word_1_16' title='bbox 296 576 466 663; x_wconf 86' lang='lat' dir='ltr'>habuere,</span> <span class='ocrx_word' id='word_1_17' title='bbox 476 574 514 650; x_wconf 82' lang='lat' dir='ltr'>dt</span> <span class='ocrx_word' id='word_1_18' title='bbox 531 574 694 651; x_wconf 89' lang='lat' dir='ltr'>absoluto</span> <span class='ocrx_word' id='word_1_19' title='bbox 708 592 816 672; x_wconf 87' lang='lat' dir='ltr'>opere</span> <span class='ocrx_word' id='word_1_20' title='bbox 831 578 983 670; x_wconf 81' lang='lat' dir='ltr'><strong>agendis</strong></span> 
     </span>
     <span class='ocr_line' id='line_1_4' title="bbox 42 675 884 775; baseline 0 -25"><span class='ocrx_word' id='word_1_21' title='bbox 42 678 150 769; x_wconf 82' lang='lat' dir='ltr'>„Deo</span> <span class='ocrx_word' id='word_1_22' title='bbox 166 675 298 775; x_wconf 83' lang='lat' dir='ltr'>gratiis</span> <span class='ocrx_word' id='word_1_23' title='bbox 321 675 586 775; x_wconf 72' lang='lat' dir='ltr'>dedicationem</span> <span class='ocrx_word' id='word_1_24' title='bbox 602 675 884 753; x_wconf 85' lang='lat' dir='ltr'>celebraverunt.</span> 
     </span>
    </p>
   </div>
   <div class='ocr_carea' id='block_1_3' title="bbox 10 866 1211 3958">
    <p class='ocr_par' dir='ltr' id='par_1_3' title="bbox 117 866 1211 975">
     <span class='ocr_line' id='line_1_5' title="bbox 117 866 1211 975; baseline 0.001 -26"><span class='ocrx_word' id='word_1_25' title='bbox 117 877 155 949; x_wconf 85' lang='grc' dir='ltr'>ό.</span> <span class='ocrx_word' id='word_1_26' title='bbox 178 869 286 975; x_wconf 79' lang='lat' dir='ltr'>„Age</span> <span class='ocrx_word' id='word_1_27' title='bbox 302 872 381 973; x_wconf 87' lang='lat' dir='ltr'>Ja&#39;m</span> <span class='ocrx_word' id='word_1_28' title='bbox 394 867 622 970; x_wconf 80' lang='lat' dir='ltr'>inspiciamus</span> <span class='ocrx_word' id='word_1_29' title='bbox 637 868 683 948; x_wconf 90' lang='lat' dir='ltr'>ad</span> <span class='ocrx_word' id='word_1_30' title='bbox 696 866 980 971; x_wconf 79' lang='lat' dir='ltr'>respondendum</span> <span class='ocrx_word' id='word_1_31' title='bbox 995 874 1029 943; x_wconf 82' lang='lat' dir='ltr'>S.</span> <span class='ocrx_word' id='word_1_32' title='bbox 1046 874 1148 950; x_wconf 77' lang='lat' dir='ltr'>Atla-</span> <span class='ocrx_word' id='word_1_33' title='bbox 1199 886 1211 898; x_wconf 91' lang='grc'><em>·</em></span> 
     </span>
    </p>

    <p class='ocr_par' dir='ltr' id='par_1_4' title="bbox 42 966 1095 1069">
     <span class='ocr_line' id='line_1_6' title="bbox 42 966 1095 1069; baseline -0.002 -22"><span class='ocrx_word' id='word_1_34' title='bbox 42 971 117 1064; x_wconf 86' lang='lat' dir='ltr'>„ad</span> <span class='ocrx_word' id='word_1_35' title='bbox 133 985 302 1069; x_wconf 80' lang='lat' dir='ltr'><strong>quartam</strong></span> <span class='ocrx_word' id='word_1_36' title='bbox 319 972 549 1050; x_wconf 85' lang='lat' dir='ltr'>calumniam.</span> <span class='ocrx_word' id='word_1_37' title='bbox 600 971 689 1048; x_wconf 81' lang='lat' dir='ltr'>Ausi</span> <span class='ocrx_word' id='word_1_38' title='bbox 710 975 806 1049; x_wconf 88' lang='lat' dir='ltr'>enim</span> <span class='ocrx_word' id='word_1_39' title='bbox 827 971 981 1049; x_wconf 72' lang='lat' dir='ltr'>suntin</span> <span class='ocrx_word' id='word_1_40' title='bbox 994 966 1095 1045; x_wconf 61' lang='lat' dir='ltr'>”afim</span> 
     </span>
    </p>

    <p class='ocr_par' dir='ltr' id='par_1_5' title="bbox 10 1048 1162 1175">
     <span class='ocr_line' id='line_1_7' title="bbox 10 1048 1162 1175; baseline -0.002 -28"><span class='ocrx_word' id='word_1_41' title='bbox 10 1150 13 1175; x_wconf 66' lang='lat'>,</span> <span class='ocrx_word' id='word_1_42' title='bbox 43 1086 128 1163; x_wconf 83' lang='lat' dir='ltr'>„ter</span> <span class='ocrx_word' id='word_1_43' title='bbox 144 1071 298 1147; x_wconf 90' lang='lat' dir='ltr'>crimina</span> <span class='ocrx_word' id='word_1_44' title='bbox 310 1070 456 1168; x_wconf 74' lang='lat' dir='ltr'>instare,</span> <span class='ocrx_word' id='word_1_45' title='bbox 479 1073 576 1169; x_wconf 90' lang='lat' dir='ltr'>quod</span> <span class='ocrx_word' id='word_1_46' title='bbox 593 1075 667 1149; x_wconf 89' lang='lat' dir='ltr'>tuis</span> <span class='ocrx_word' id='word_1_47' title='bbox 682 1074 877 1160; x_wconf 77' lang='lat' dir='ltr'>mandatis,</span> <span class='ocrx_word' id='word_1_48' title='bbox 901 1074 978 1168; x_wconf 87' lang='lat' dir='ltr'>qui·</span> <span class='ocrx_word' id='word_1_49' title='bbox 993 1048 1162 1148; x_wconf 63' lang='lat' dir='ltr'>Imperato-</span> 
     </span>
    </p>

    <p class='ocr_par' dir='ltr' id='par_1_6' title="bbox 10 1138 1139 1270">
     <span class='ocr_line' id='line_1_8' title="bbox 10 1138 1139 1270; baseline -0.001 -23"><span class='ocrx_word' id='word_1_50' title='bbox 10 1178 13 1267; x_wconf 55' lang='grc' dir='ltr'><em>ξ</em></span> <span class='ocrx_word' id='word_1_51' title='bbox 39 1172 140 1264; x_wconf 87' lang='lat' dir='ltr'>„bus</span> <span class='ocrx_word' id='word_1_52' title='bbox 163 1169 362 1270; x_wconf 75' lang='lat' dir='ltr'>injunstum</span> <span class='ocrx_word' id='word_1_53' title='bbox 387 1171 536 1259; x_wconf 85' lang='lat' dir='ltr'>volunt,</span> <span class='ocrx_word' id='word_1_54' title='bbox 563 1186 605 1248; x_wconf 91' lang='lat' dir='ltr'>ut</span> <span class='ocrx_word' id='word_1_55' title='bbox 625 1171 848 1248; x_wconf 81' lang='lat' dir='ltr'>Alexandria</span> <span class='ocrx_word' id='word_1_56' title='bbox 874 1196 977 1246; x_wconf 89' lang='lat' dir='ltr'>exce·</span> <span class='ocrx_word' id='word_1_57' title='bbox 994 1154 1041 1196; x_wconf 53' lang='grc' dir='ltr'>’Ἥ</span> <span class='ocrx_word' id='word_1_58' title='bbox 1056 1138 1139 1234; x_wconf 56' lang='lat' dir='ltr'>fflffl⁸</span> 
     </span>
    </p>

    <p class='ocr_par' dir='ltr' id='par_1_7' title="bbox 10 1266 1114 1859">
     <span class='ocr_line' id='line_1_9' title="bbox 10 1266 1114 1368; baseline 0.003 -23"><span class='ocrx_word' id='word_1_59' title='bbox 10 1271 220 1362; x_wconf 84' lang='lat' dir='ltr'>&#39;„derem‚</span> <span class='ocrx_word' id='word_1_60' title='bbox 243 1294 315 1345; x_wconf 90' lang='lat' dir='ltr'>non</span> <span class='ocrx_word' id='word_1_61' title='bbox 337 1271 671 1367; x_wconf 86' lang='lat' dir='ltr'>obtemperaverim.</span> <span class='ocrx_word' id='word_1_62' title='bbox 741 1274 815 1347; x_wconf 89' lang='lat' dir='ltr'>Sed</span> <span class='ocrx_word' id='word_1_63' title='bbox 846 1293 979 1368; x_wconf 89' lang='lat' dir='ltr'>nequa·</span> <span class='ocrx_word' id='word_1_64' title='bbox 1097 1266 1114 1309; x_wconf 53' lang='lat'>⁰*</span> 
     </span>
     <span class='ocr_line' id='line_1_10' title="bbox 45 1369 1038 1468; baseline 0.006 -26"><span class='ocrx_word' id='word_1_65' title='bbox 45 1390 187 1465; x_wconf 89' lang='lat' dir='ltr'>„quam</span> <span class='ocrx_word' id='word_1_66' title='bbox 201 1369 311 1449; x_wconf 83' lang='lat' dir='ltr'>restiti</span> <span class='ocrx_word' id='word_1_67' title='bbox 327 1371 510 1446; x_wconf 88' lang='lat' dir='ltr'>mandatis</span> <span class='ocrx_word' id='word_1_68' title='bbox 526 1385 600 1448; x_wconf 87' lang='lat' dir='ltr'>tuae</span> <span class='ocrx_word' id='word_1_69' title='bbox 614 1373 782 1468; x_wconf 89' lang='lat' dir='ltr'>pietatis,</span> <span class='ocrx_word' id='word_1_70' title='bbox 798 1373 982 1457; x_wconf 84' lang='lat' dir='ltr'>nonenim</span> <span class='ocrx_word' id='word_1_71' title='bbox 1031 1440 1038 1448; x_wconf 77' lang='grc'><strong><em>,</em></strong></span> 
     </span>
     <span class='ocr_line' id='line_1_11' title="bbox 45 1466 981 1567; baseline 0.001 -25"><span class='ocrx_word' id='word_1_72' title='bbox 45 1492 142 1565; x_wconf 86' lang='lat' dir='ltr'>„ego</span> <span class='ocrx_word' id='word_1_73' title='bbox 164 1471 197 1543; x_wconf 82' lang='lat' dir='ltr'>is</span> <span class='ocrx_word' id='word_1_74' title='bbox 212 1467 303 1556; x_wconf 90' lang='lat' dir='ltr'>sum,</span> <span class='ocrx_word' id='word_1_75' title='bbox 320 1471 382 1566; x_wconf 89' lang='lat' dir='ltr'>qui</span> <span class='ocrx_word' id='word_1_76' title='bbox 394 1469 452 1544; x_wconf 78' lang='lat' dir='ltr'>vel</span> <span class='ocrx_word' id='word_1_77' title='bbox 462 1466 626 1567; x_wconf 88' lang='lat' dir='ltr'>quaestori</span> <span class='ocrx_word' id='word_1_78' title='bbox 638 1474 795 1546; x_wconf 84' lang='lat' dir='ltr'>civitatis</span> <span class='ocrx_word' id='word_1_79' title='bbox 808 1469 981 1559; x_wconf 86' lang='lat' dir='ltr'>restitero,</span> 
     </span>
     <span class='ocr_line' id='line_1_12' title="bbox 50 1568 983 1666; baseline 0.001 -23"><span class='ocrx_word' id='word_1_80' title='bbox 50 1568 215 1658; x_wconf 89' lang='lat' dir='ltr'>„nedum</span> <span class='ocrx_word' id='word_1_81' title='bbox 229 1580 333 1644; x_wconf 84' lang='lat' dir='ltr'>tanto</span> <span class='ocrx_word' id='word_1_82' title='bbox 353 1570 575 1665; x_wconf 83' lang='lat' dir='ltr'>Imperatori.</span> <span class='ocrx_word' id='word_1_83' title='bbox 620 1570 775 1648; x_wconf 84' lang='lat' dir='ltr'>Veniam</span> <span class='ocrx_word' id='word_1_84' title='bbox 795 1571 905 1666; x_wconf 86' lang='lat' dir='ltr'>igitur</span> <span class='ocrx_word' id='word_1_85' title='bbox 917 1568 983 1644; x_wconf 89' lang='lat' dir='ltr'>da·</span> 
     </span>
     <span class='ocr_line' id='line_1_13' title="bbox 50 1669 983 1766; baseline 0 -23"><span class='ocrx_word' id='word_1_86' title='bbox 50 1670 153 1759; x_wconf 84' lang='lat' dir='ltr'>„bis,</span> <span class='ocrx_word' id='word_1_87' title='bbox 179 1671 583 1765; x_wconf 79' lang='lat' dir='ltr'>attotam-negotium,</span> <span class='ocrx_word' id='word_1_88' title='bbox 608 1672 662 1744; x_wconf 90' lang='lat' dir='ltr'>uti</span> <span class='ocrx_word' id='word_1_89' title='bbox 678 1670 813 1766; x_wconf 85' lang='lat' dir='ltr'>gestum</span> <span class='ocrx_word' id='word_1_90' title='bbox 830 1669 899 1754; x_wconf 89' lang='lat' dir='ltr'>est,</span> <span class='ocrx_word' id='word_1_91' title='bbox 926 1693 983 1744; x_wconf 91' lang='lat' dir='ltr'>re·</span> 
     </span>
     <span class='ocr_line' id='line_1_14' title="bbox 51 1767 983 1859; baseline 0 -16"><span class='ocrx_word' id='word_1_92' title='bbox 51 1770 214 1859; x_wconf 82' lang='lat' dir='ltr'>„texam</span> <span class='ocrx_word' id='word_1_93' title='bbox 265 1767 377 1845; x_wconf 87' lang='lat' dir='ltr'>Venit</span> <span class='ocrx_word' id='word_1_94' title='bbox 392 1768 591 1845; x_wconf 85' lang='lat' dir='ltr'>Montanus</span> <span class='ocrx_word' id='word_1_95' title='bbox 606 1769 795 1845; x_wconf 88' lang='lat' dir='ltr'>Palatinus</span> <span class='ocrx_word' id='word_1_96' title='bbox 811 1776 894 1844; x_wconf 85' lang='lat' dir='ltr'>curn</span> <span class='ocrx_word' id='word_1_97' title='bbox 914 1769 983 1843; x_wconf 88' lang='lat' dir='ltr'>hu·</span> 
     </span>
    </p>

    <p class='ocr_par' dir='ltr' id='par_1_8' title="bbox 26 1865 1131 2860">
     <span class='ocr_line' id='line_1_15' title="bbox 26 1865 983 1981; baseline 0.002 -39"><span class='ocrx_word' id='word_1_98' title='bbox 26 1900 29 1905; x_wconf 95' lang='lat'>·</span> <span class='ocrx_word' id='word_1_99' title='bbox 52 1865 237 1981; x_wconf 76' lang='lat' dir='ltr'>„jusmodi</span> <span class='ocrx_word' id='word_1_100' title='bbox 253 1867 418 1964; x_wconf 84' lang='lat' dir='ltr'>epistola,</span> <span class='ocrx_word' id='word_1_101' title='bbox 436 1869 532 1966; x_wconf 80' lang='lat' dir='ltr'>quast</span> <span class='ocrx_word' id='word_1_102' title='bbox 552 1892 622 1965; x_wconf 87' lang='lat' dir='ltr'>ego</span> <span class='ocrx_word' id='word_1_103' title='bbox 640 1868 779 1955; x_wconf 85' lang='lat' dir='ltr'>scriptis</span> <span class='ocrx_word' id='word_1_104' title='bbox 796 1871 924 1943; x_wconf 86' lang='lat' dir='ltr'>meisa</span> <span class='ocrx_word' id='word_1_105' title='bbox 944 1881 983 1944; x_wconf 87' lang='lat' dir='ltr'>te</span> 
     </span>
     <span class='ocr_line' id='line_1_16' title="bbox 52 1967 987 2066; baseline 0.002 -25"><span class='ocrx_word' id='word_1_106' title='bbox 52 1988 134 2064; x_wconf 74' lang='lat' dir='ltr'>„jus</span> <span class='ocrx_word' id='word_1_107' title='bbox 158 1968 196 2042; x_wconf 91' lang='lat' dir='ltr'>in</span> <span class='ocrx_word' id='word_1_108' title='bbox 219 1967 363 2044; x_wconf 88' lang='lat' dir='ltr'>ltaliam</span> <span class='ocrx_word' id='word_1_109' title='bbox 386 1968 546 2043; x_wconf 90' lang='lat' dir='ltr'>abeundi</span> <span class='ocrx_word' id='word_1_110' title='bbox 563 1967 784 2066; x_wconf 86' lang='lat' dir='ltr'>postulassem</span> <span class='ocrx_word' id='word_1_111' title='bbox 807 1969 855 2042; x_wconf 93' lang='lat' dir='ltr'>ad</span> <span class='ocrx_word' id='word_1_112' title='bbox 870 1991 914 2041; x_wconf 91' lang='lat' dir='ltr'>ea</span> <span class='ocrx_word' id='word_1_113' title='bbox 931 1967 987 2043; x_wconf 91' lang='lat' dir='ltr'>in·</span> 
     </span>
     <span class='ocr_line' id='line_1_17' title="bbox 55 2062 989 2162; baseline 0.001 -22"><span class='ocrx_word' id='word_1_114' title='bbox 55 2066 292 2156; x_wconf 81' lang='lat' dir='ltr'>‚,slauranda,</span> <span class='ocrx_word' id='word_1_115' title='bbox 308 2069 456 2162; x_wconf 57' lang='lat' dir='ltr'>qnae-«ibi</span> <span class='ocrx_word' id='word_1_116' title='bbox 473 2067 625 2142; x_wconf 85' lang='lat' dir='ltr'>delicere</span> <span class='ocrx_word' id='word_1_117' title='bbox 641 2068 866 2144; x_wconf 89' lang='lat' dir='ltr'>videbantur.</span> <span class='ocrx_word' id='word_1_118' title='bbox 914 2062 989 2143; x_wconf 89' lang='lat' dir='ltr'>Ve-</span> 
     </span>
     <span class='ocr_line' id='line_1_18' title="bbox 53 2165 988 2273; baseline 0.003 -33"><span class='ocrx_word' id='word_1_119' title='bbox 53 2188 160 2273; x_wconf 80' lang='lat' dir='ltr'>„rum</span> <span class='ocrx_word' id='word_1_120' title='bbox 182 2166 273 2242; x_wconf 89' lang='lat' dir='ltr'>nihil</span> <span class='ocrx_word' id='word_1_121' title='bbox 293 2165 499 2262; x_wconf 82' lang='lat' dir='ltr'>hujusmodi</span> <span class='ocrx_word' id='word_1_122' title='bbox 522 2166 649 2264; x_wconf 81' lang='lat' dir='ltr'>scripit,</span> <span class='ocrx_word' id='word_1_123' title='bbox 675 2188 791 2264; x_wconf 87' lang='lat' dir='ltr'>neque</span> <span class='ocrx_word' id='word_1_124' title='bbox 811 2188 988 2262; x_wconf 89' lang='lat' dir='ltr'>umquam</span> 
     </span>
     <span class='ocr_line' id='line_1_19' title="bbox 28 2265 988 2363; baseline -0.001 -23"><span class='ocrx_word' id='word_1_125' title='bbox 28 2266 191 2355; x_wconf 73' lang='lat' dir='ltr'>„talem</span> <span class='ocrx_word' id='word_1_126' title='bbox 216 2265 420 2362; x_wconf 86' lang='lat' dir='ltr'>epistolam,-</span> <span class='ocrx_word' id='word_1_127' title='bbox 448 2289 530 2362; x_wconf 86' lang='lat' dir='ltr'>quae</span> <span class='ocrx_word' id='word_1_128' title='bbox 553 2268 699 2363; x_wconf 90' lang='lat' dir='ltr'>quidem</span> <span class='ocrx_word' id='word_1_129' title='bbox 723 2292 807 2342; x_wconf 89' lang='lat' dir='ltr'>mea</span> <span class='ocrx_word' id='word_1_130' title='bbox 836 2269 900 2353; x_wconf 78' lang='lat' dir='ltr'>stt,</span> <span class='ocrx_word' id='word_1_131' title='bbox 922 2267 988 2340; x_wconf 86' lang='lat' dir='ltr'>ad·</span> 
     </span>
     <span class='ocr_line' id='line_1_20' title="bbox 53 2364 986 2465; baseline 0.001 -26"><span class='ocrx_word' id='word_1_132' title='bbox 53 2364 263 2455; x_wconf 75' lang='lat' dir='ltr'>„versamus</span> <span class='ocrx_word' id='word_1_133' title='bbox 286 2366 468 2451; x_wconf 84' lang='lat' dir='ltr'>inveniet,</span> <span class='ocrx_word' id='word_1_134' title='bbox 494 2367 630 2442; x_wconf 89' lang='lat' dir='ltr'>etiamsr</span> <span class='ocrx_word' id='word_1_135' title='bbox 660 2368 821 2465; x_wconf 87' lang='lat' dir='ltr'>quotidie</span> <span class='ocrx_word' id='word_1_136' title='bbox 843 2367 986 2440; x_wconf 84' lang='lat' dir='ltr'>litteras</span> 
     </span>
     <span class='ocr_line' id='line_1_21' title="bbox 54 2464 1131 2564; baseline 0.001 -25"><span class='ocrx_word' id='word_1_137' title='bbox 54 2464 230 2554; x_wconf 64' lang='lat' dir='ltr'>„miserm</span> <span class='ocrx_word' id='word_1_138' title='bbox 263 2466 465 2564; x_wconf 89' lang='lat' dir='ltr'>utbonum</span> <span class='ocrx_word' id='word_1_139' title='bbox 498 2467 641 2542; x_wconf 86' lang='lat' dir='ltr'>vultum</span> <span class='ocrx_word' id='word_1_140' title='bbox 667 2484 771 2543; x_wconf 90' lang='lat' dir='ltr'>tuum</span> <span class='ocrx_word' id='word_1_141' title='bbox 796 2467 986 2562; x_wconf 84' lang='lat' dir='ltr'>aspiciam:</span> <span class='ocrx_word' id='word_1_142' title='bbox 1113 2508 1131 2525; x_wconf 87' lang='lat'>-·</span> 
     </span>
     <span class='ocr_line' id='line_1_22' title="bbox 55 2563 1054 2662; baseline 0.001 -23"><span class='ocrx_word' id='word_1_143' title='bbox 55 2565 156 2655; x_wconf 87' lang='lat' dir='ltr'>„imo</span> <span class='ocrx_word' id='word_1_144' title='bbox 181 2588 249 2639; x_wconf 86' lang='lat' dir='ltr'>nec</span> <span class='ocrx_word' id='word_1_145' title='bbox 270 2563 325 2640; x_wconf 89' lang='lat' dir='ltr'>fas</span> <span class='ocrx_word' id='word_1_146' title='bbox 352 2564 421 2646; x_wconf 82' lang='lat' dir='ltr'>est.</span> <span class='ocrx_word' id='word_1_147' title='bbox 446 2564 640 2642; x_wconf 80' lang='lat' dir='ltr'>Ecclesiam</span> <span class='ocrx_word' id='word_1_148' title='bbox 657 2568 886 2662; x_wconf 88' lang='lat' dir='ltr'>relinquere,</span> <span class='ocrx_word' id='word_1_149' title='bbox 921 2575 986 2640; x_wconf 87' lang='lat' dir='ltr'>aut</span> <span class='ocrx_word' id='word_1_150' title='bbox 1051 2604 1054 2615; x_wconf 95' lang='lat'><em>·</em></span> 
     </span>
     <span class='ocr_line' id='line_1_23' title="bbox 56 2663 985 2759; baseline 0.001 -21"><span class='ocrx_word' id='word_1_151' title='bbox 56 2679 157 2754; x_wconf 82' lang='lat' dir='ltr'>„tuae</span> <span class='ocrx_word' id='word_1_152' title='bbox 186 2664 316 2759; x_wconf 75' lang='lat' dir='ltr'>,pietati</span> <span class='ocrx_word' id='word_1_153' title='bbox 349 2663 537 2753; x_wconf 84' lang='lat' dir='ltr'>molestum</span> <span class='ocrx_word' id='word_1_154' title='bbox 573 2667 660 2749; x_wconf 84' lang='lat' dir='ltr'>else,</span> <span class='ocrx_word' id='word_1_155' title='bbox 707 2668 868 2748; x_wconf 84' lang='lat' dir='ltr'>maxime</span> <span class='ocrx_word' id='word_1_156' title='bbox 902 2683 985 2739; x_wconf 87' lang='lat' dir='ltr'>cum</span> 
     </span>
     <span class='ocr_line' id='line_1_24' title="bbox 57 2760 988 2860; baseline 0.001 -23"><span class='ocrx_word' id='word_1_157' title='bbox 57 2763 193 2853; x_wconf 82' lang='lat' dir='ltr'>„etiam</span> <span class='ocrx_word' id='word_1_158' title='bbox 211 2762 416 2838; x_wconf 86' lang='lat' dir='ltr'>absentibus</span> <span class='ocrx_word' id='word_1_159' title='bbox 430 2760 534 2840; x_wconf 83' lang='lat' dir='ltr'>nobis</span> <span class='ocrx_word' id='word_1_160' title='bbox 552 2767 589 2837; x_wconf 91' lang='lat' dir='ltr'>in</span> <span class='ocrx_word' id='word_1_161' title='bbox 603 2764 854 2839; x_wconf 75' lang='lat' dir='ltr'>Ecclesiasticis</span> <span class='ocrx_word' id='word_1_162' title='bbox 869 2763 988 2860; x_wconf 90' lang='lat' dir='ltr'>postu·</span> 
     </span>
    </p>

    <p class='ocr_par' dir='ltr' id='par_1_9' title="bbox 35 2861 1088 3060">
     <span class='ocr_line' id='line_1_25' title="bbox 35 2861 1088 2960; baseline 0.001 -26"><span class='ocrx_word' id='word_1_163' title='bbox 35 2912 38 2917; x_wconf 91' lang='lat'>-</span> <span class='ocrx_word' id='word_1_164' title='bbox 56 2861 279 2957; x_wconf 86' lang='lat' dir='ltr'>„sationibus</span> <span class='ocrx_word' id='word_1_165' title='bbox 297 2885 448 2941; x_wconf 84' lang='lat' dir='ltr'>annuas.</span> <span class='ocrx_word' id='word_1_166' title='bbox 508 2864 613 2938; x_wconf 86' lang='lat' dir='ltr'>Unde</span> <span class='ocrx_word' id='word_1_167' title='bbox 636 2865 730 2938; x_wconf 89' lang='lat' dir='ltr'>hanc</span> <span class='ocrx_word' id='word_1_168' title='bbox 752 2886 838 2937; x_wconf 88' lang='lat' dir='ltr'>vero</span> <span class='ocrx_word' id='word_1_169' title='bbox 860 2862 988 2960; x_wconf 86' lang='lat' dir='ltr'>episto·</span> <span class='ocrx_word' id='word_1_170' title='bbox 1086 2952 1088 2958; x_wconf 67' lang='lat'>,</span> 
     </span>
     <span class='ocr_line' id='line_1_26' title="bbox 56 2961 990 3060; baseline 0.001 -25"><span class='ocrx_word' id='word_1_171' title='bbox 56 2963 157 3050; x_wconf 87' lang='lat' dir='ltr'>„lam</span> <span class='ocrx_word' id='word_1_172' title='bbox 189 2961 281 3036; x_wconf 74' lang='lat' dir='ltr'>nasis</span> <span class='ocrx_word' id='word_1_173' title='bbox 306 2961 374 3037; x_wconf 88' lang='lat' dir='ltr'>smt</span> <span class='ocrx_word' id='word_1_174' title='bbox 400 2963 648 3051; x_wconf 88' lang='lat' dir='ltr'>accusatores,</span> <span class='ocrx_word' id='word_1_175' title='bbox 670 2961 756 3060; x_wconf 76' lang='lat' dir='ltr'>jube</span> <span class='ocrx_word' id='word_1_176' title='bbox 780 2975 822 3037; x_wconf 92' lang='lat' dir='ltr'>ut</span> <span class='ocrx_word' id='word_1_177' title='bbox 846 2963 914 3038; x_wconf 86' lang='lat' dir='ltr'>tibi</span> <span class='ocrx_word' id='word_1_178' title='bbox 932 2983 990 3036; x_wconf 90' lang='lat' dir='ltr'>re·</span> 
     </span>
    </p>

    <p class='ocr_par' dir='ltr' id='par_1_10' title="bbox 10 3059 990 3257">
     <span class='ocr_line' id='line_1_27' title="bbox 10 3059 990 3158; baseline 0.002 -24"><span class='ocrx_word' id='word_1_179' title='bbox 10 3124 13 3143; x_wconf 91' lang='grc'>,</span> <span class='ocrx_word' id='word_1_180' title='bbox 57 3059 302 3158; x_wconf 68' lang='lat' dir='ltr'>„spondeant⁸</span> <span class='ocrx_word' id='word_1_181' title='bbox 328 3082 412 3137; x_wconf 89' lang='lat' dir='ltr'>nam</span> <span class='ocrx_word' id='word_1_182' title='bbox 440 3062 653 3157; x_wconf 78' lang='lat' dir='ltr'>cognosces,</span> <span class='ocrx_word' id='word_1_183' title='bbox 679 3085 743 3137; x_wconf 85' lang='lat' dir='ltr'>eos</span> <span class='ocrx_word' id='word_1_184' title='bbox 765 3062 894 3137; x_wconf 89' lang='lat' dir='ltr'>eadem</span> <span class='ocrx_word' id='word_1_185' title='bbox 917 3060 990 3136; x_wconf 87' lang='lat' dir='ltr'>fide</span> 
     </span>
     <span class='ocr_line' id='line_1_28' title="bbox 56 3159 989 3257; baseline 0.005 -25"><span class='ocrx_word' id='word_1_186' title='bbox 56 3160 164 3250; x_wconf 85' lang='lat' dir='ltr'>„baec</span> <span class='ocrx_word' id='word_1_187' title='bbox 190 3159 346 3247; x_wconf 83' lang='lat' dir='ltr'>finxisse,</span> <span class='ocrx_word' id='word_1_188' title='bbox 373 3184 444 3257; x_wconf 91' lang='lat' dir='ltr'>qua</span> <span class='ocrx_word' id='word_1_189' title='bbox 465 3162 685 3238; x_wconf 86' lang='lat' dir='ltr'>calumniam</span> <span class='ocrx_word' id='word_1_190' title='bbox 703 3163 748 3236; x_wconf 92' lang='lat' dir='ltr'>de</span> <span class='ocrx_word' id='word_1_191' title='bbox 765 3163 989 3257; x_wconf 85' lang='lat' dir='ltr'>Magnentio.</span> 
     </span>
    </p>

    <p class='ocr_par' dir='ltr' id='par_1_11' title="bbox 10 3248 993 3359">
     <span class='ocr_line' id='line_1_29' title="bbox 10 3248 993 3359; baseline 0.005 -28"><span class='ocrx_word' id='word_1_192' title='bbox 10 3262 12 3269; x_wconf 87' lang='lat'>&#39;</span> <span class='ocrx_word' id='word_1_193' title='bbox 57 3262 312 3355; x_wconf 87' lang='lat' dir='ltr'>„Quapropter</span> <span class='ocrx_word' id='word_1_194' title='bbox 328 3260 366 3336; x_wconf 76' lang='lat' dir='ltr'>dc</span> <span class='ocrx_word' id='word_1_195' title='bbox 383 3248 474 3356; x_wconf 69' lang='lat' dir='ltr'>egb,</span> <span class='ocrx_word' id='word_1_196' title='bbox 498 3263 668 3359; x_wconf 87' lang='lat' dir='ltr'>quoniam</span> <span class='ocrx_word' id='word_1_197' title='bbox 689 3283 752 3359; x_wconf 92' lang='lat' dir='ltr'>per</span> <span class='ocrx_word' id='word_1_198' title='bbox 770 3261 993 3337; x_wconf 87' lang='lat' dir='ltr'>calumniam</span> 
     </span>
    </p>

    <p class='ocr_par' dir='ltr' id='par_1_12' title="bbox 19 3356 1156 3856">
     <span class='ocr_line' id='line_1_30' title="bbox 19 3356 1016 3458; baseline -0.001 -23"><span class='ocrx_word' id='word_1_199' title='bbox 19 3430 27 3437; x_wconf 86' lang='lat'>..</span> <span class='ocrx_word' id='word_1_200' title='bbox 52 3357 229 3456; x_wconf 85' lang='lat' dir='ltr'>„epistola</span> <span class='ocrx_word' id='word_1_201' title='bbox 262 3356 536 3455; x_wconf 74' lang='lat' dir='ltr'>subjestaerat,</span> <span class='ocrx_word' id='word_1_202' title='bbox 561 3384 628 3435; x_wconf 89' lang='lat' dir='ltr'>nec</span> <span class='ocrx_word' id='word_1_203' title='bbox 654 3364 855 3458; x_wconf 89' lang='lat' dir='ltr'>imperabat</span> <span class='ocrx_word' id='word_1_204' title='bbox 888 3356 1016 3457; x_wconf 83' lang='lat' dir='ltr'>quid·&#39;</span> 
     </span>
     <span class='ocr_line' id='line_1_31' title="bbox 52 3456 1156 3559; baseline 0.003 -27"><span class='ocrx_word' id='word_1_205' title='bbox 52 3480 192 3555; x_wconf 86' lang='lat' dir='ltr'>„quam</span> <span class='ocrx_word' id='word_1_206' title='bbox 210 3456 256 3531; x_wconf 88' lang='lat' dir='ltr'>de</span> <span class='ocrx_word' id='word_1_207' title='bbox 276 3459 404 3533; x_wconf 90' lang='lat' dir='ltr'>itinere</span> <span class='ocrx_word' id='word_1_208' title='bbox 421 3460 601 3555; x_wconf 85' lang='lat' dir='ltr'>ineundo.</span> <span class='ocrx_word' id='word_1_209' title='bbox 620 3459 903 3559; x_wconf 81' lang='lat' dir='ltr'>latisinteilexi,</span> <span class='ocrx_word' id='word_1_210' title='bbox 920 3483 995 3537; x_wconf 86' lang='lat' dir='ltr'>non</span> <span class='ocrx_word' id='word_1_211' title='bbox 1095 3479 1098 3485; x_wconf 85' lang='grc'><strong><em>’</em></strong></span> <span class='ocrx_word' id='word_1_212' title='bbox 1153 3494 1156 3505; x_wconf 90' lang='grc'><em>·</em></span> 
     </span>
     <span class='ocr_line' id='line_1_32' title="bbox 50 3556 998 3656; baseline 0.003 -25"><span class='ocrx_word' id='word_1_213' title='bbox 50 3556 182 3648; x_wconf 83' lang='lat' dir='ltr'>„soille</span> <span class='ocrx_word' id='word_1_214' title='bbox 201 3568 277 3633; x_wconf 91' lang='lat' dir='ltr'>tuae</span> <span class='ocrx_word' id='word_1_215' title='bbox 302 3559 524 3656; x_wconf 80' lang='lat' dir='ltr'>voluntatis,</span> <span class='ocrx_word' id='word_1_216' title='bbox 545 3575 588 3635; x_wconf 89' lang='lat' dir='ltr'>ut</span> <span class='ocrx_word' id='word_1_217' title='bbox 609 3561 663 3652; x_wconf 89' lang='lat' dir='ltr'>ad</span> <span class='ocrx_word' id='word_1_218' title='bbox 678 3571 715 3634; x_wconf 92' lang='lat' dir='ltr'>te</span> <span class='ocrx_word' id='word_1_219' title='bbox 739 3556 998 3656; x_wconf 70' lang='lat' dir='ltr'>professionem</span> 
     </span>
     <span class='ocr_line' id='line_1_33' title="bbox 51 3655 1001 3756; baseline -0.003 -23"><span class='ocrx_word' id='word_1_220' title='bbox 51 3655 322 3749; x_wconf 78' lang='lat' dir='ltr'>„institueremz</span> <span class='ocrx_word' id='word_1_221' title='bbox 351 3657 486 3756; x_wconf 87' lang='lat' dir='ltr'>scitque</span> <span class='ocrx_word' id='word_1_222' title='bbox 509 3657 581 3756; x_wconf 90' lang='lat' dir='ltr'>ipse</span> <span class='ocrx_word' id='word_1_223' title='bbox 602 3658 823 3746; x_wconf 76' lang='lat' dir='ltr'>Montanus,</span> <span class='ocrx_word' id='word_1_224' title='bbox 849 3676 1001 3734; x_wconf 88' lang='lat' dir='ltr'>menon</span> 
     </span>
     <span class='ocr_line' id='line_1_34' title="bbox 50 3753 995 3856; baseline 0.003 -29"><span class='ocrx_word' id='word_1_225' title='bbox 50 3755 340 3856; x_wconf 67' lang='lat' dir='ltr'>„professionem</span> <span class='ocrx_word' id='word_1_226' title='bbox 358 3755 584 3852; x_wconf 68' lang='lat' dir='ltr'>detrettaffe,</span> <span class='ocrx_word' id='word_1_227' title='bbox 602 3759 663 3836; x_wconf 88' lang='lat' dir='ltr'>sed</span> <span class='ocrx_word' id='word_1_228' title='bbox 680 3753 906 3836; x_wconf 81' lang='lat' dir='ltr'>inhonestum</span> <span class='ocrx_word' id='word_1_229' title='bbox 924 3759 995 3833; x_wconf 87' lang='lat' dir='ltr'>mi·</span> 
     </span>
    </p>

    <p class='ocr_par' dir='ltr' id='par_1_13' title="bbox 95 3850 995 3958">
     <span class='ocr_line' id='line_1_35' title="bbox 95 3850 995 3958; baseline 0.012 -20"><span class='ocrx_word' id='word_1_230' title='bbox 95 3864 382 3958; x_wconf 61' lang='lat' dir='ltr'>&amp;amanam</span> <span class='ocrx_word' id='word_1_231' title='bbox 395 3866 539 3946; x_wconf 69' lang='lat' dir='ltr'>narra</span> <span class='ocrx_word' id='word_1_232' title='bbox 730 3856 762 3935; x_wconf 78' lang='lat' dir='ltr'>s·</span> <span class='ocrx_word' id='word_1_233' title='bbox 928 3850 995 3949; x_wconf 83' lang='lat' dir='ltr'>„u</span> 
     </span>
    </p>
   </div>
   <div class='ocr_carea' id='block_1_4' title="bbox 0 0 1247 4344">
    <p class='ocr_par' dir='ltr' id='par_1_14' title="bbox 0 0 1247 4344">
     <span class='ocr_line' id='line_1_36' title="bbox 0 0 1247 4344; baseline 0 0"><span class='ocrx_word' id='word_1_234' title='bbox 0 0 1247 4344; x_wconf 95' lang='lat' dir='ltr'> </span> 
     </span>
    </p>
   </div>
  </div>
 </body>
</html>
