2468 4358
618 142 626 151 e

315 261 512 381 Apologia
544 260 594 351 od
622 244 911 395 &assumimur
990 291 1076 381 27¹
1160 222 1164 231 ⁸

135 450 367 549 „similitudo
382 451 564 548 scripturae
577 449 835 527 authoritatem
849 451 999 547 praebet,
1016 448 1082 527 niu

138 555 236 653 „qui
250 553 322 627 hoc
339 573 472 648 genere
485 549 730 626 charastemm
747 551 803 626 uti
827 550 961 640 solent,
985 553 1084 627 testi.

139 653 298 749 „monio
325 651 387 727 suo
411 650 550 750 scriptis
572 651 776 749 adstipulari
801 651 1084 749 suerintsHoc

140 755 288 851 „etiam
309 775 355 826 ex
374 751 665 827 criminatoribus
682 752 776 826 meis
799 772 962 846 quaerere
979 764 1086 848 opta·

129 878 273 949 ·„rem,
291 853 373 948 quis
389 851 472 950 ipsrs
488 852 590 926 istam
605 849 790 951 epistolam
805 851 919 937 dedit,
935 862 1001 928 aut
1020 852 1086 931 ubi

143 952 394 1052 „deprehensa
405 951 483 1027 est?
507 952 582 1028 mei
597 963 720 1026 autem
737 951 976 1028 amanuenses
991 974 1088 1051 pra·

133 1054 226 1149 „sio
244 1053 346 1141 sunt,
375 1053 452 1149 jam
477 1052 596 1149 quaeso
621 1075 669 1127 ue
693 1073 804 1146 grave
829 1049 893 1141 srt,
925 1052 1087 1148 Tyranni

135 1152 367 1255 '„praesettos
381 1177 403 1228 a
419 1151 553 1229 libellis
567 1151 759 1239 accersere,
775 1175 822 1227 ex
835 1152 881 1231 iis
899 1153 1088 1249 cognosce,

133 1255 266 1355 „quid
282 1255 330 1330 dc
344 1253 476 1355 litteris
491 1252 565 1328 illis
580 1251 699 1328 astum
714 1250 770 1330 fit.
823 1325 829 1332 ,

134 1500 137 1505 -
222 1476 260 1551 4.
286 1446 437 1541 „Tertio
453 1447 537 1549 quia
554 1450 601 1527 de
613 1472 747 1547 magna
766 1446 928 1527 Ecclesra
950 1448 1089 1526 crimen
1106 1456 1212 1549 Quare

150 1554 424 1651 ‚,concinnant,
456 1552 627 1648 quodibi
654 1552 842 1648 Synnaxis
875 1551 1001 1628 habita
1033 1548 1090 1641 sit,
1104 1545 1227 1650 ΨΜ

151 1655 392 1753 „priusquam
408 1651 653 1744 dedicaretur;
677 1652 814 1728 fastum
831 1652 901 1737 est,
922 1650 1089 1746 agnosco,
1103 1628 1230 1698 'sm‘

152 1753 243 1848 „sed
257 1752 367 1849 longe
378 1753 485 1828 aliter
492 1775 602 1850 quarn
618 1750 672 1827 illi
688 1752 936 1838 criminantur,
953 1772 1012 1825 res
1027 1774 1089 1848 ge·
1104 1736 1230 1870 :mon

139 1852 237 1949 '„sta
258 1851 330 1927 est:
364 1875 450 1928 uam
472 1877 549 1927 non
568 1852 824 1927 Encaeniorum
845 1847 973 1927 festum
997 1853 1091 1927 cele·
1105 1891 1167 1955 hm

154 1952 371 2048 „bravimus
400 1951 588 2047 Auguste,
619 1952 658 2028 id
683 1952 781 2028 enim
812 1951 995 2028 celebrare
1027 1977 1092 2027 an·
1167 1933 1178 1952 ⁰

140 2066 224 2147 ·„te
251 2064 363 2137 tuum?
379 2053 565 2128 decretum
592 2052 735 2150 prorsus
758 2052 938 2127 nefarium
960 2050 1094 2142 fuisset,

153 2151 305 2252 „neque
319 2151 366 2227 de
378 2151 548 2227 industria
563 2152 849 2242 eodevenimus
863 2172 982 2248 neque
988 2152 1096 2249 Epis·

157 2272 303 2351 „copus
317 2255 508 2349 quisquam
529 2265 594 2328 aut
609 2252 762 2329 clericus
779 2254 988 2329 eonomine
1008 2276 1096 2330 evo-

160 2367 294 2446 „catus
313 2351 385 2442 est,
410 2374 529 2448 neque
556 2353 630 2428 ulia
652 2353 928 2428 denuntiatione
951 2352 999 2430 ad
1025 2355 1099 2452 ὅγε,

160 2453 305 2547 ,marin
329 2453 467 2527 coitum
491 2451 560 2539 est,
586 2453 647 2526 sed
673 2452 816 2531 Festum
838 2467 916 2528 erat
939 2453 1101 2543 Paschae,

162 2552 230 2647 „dc
262 2561 366 2627 tanta
398 2553 456 2626 vis
489 2550 705 2650 populorum
741 2555 887 2638 aderat,
919 2569 1100 2650 quantum

161 2651 477 2748 „Christianorum
506 2653 544 2727 in
564 2654 660 2726 urbe.
673 2653 741 2728 effe
759 2651 984 2729 Christicolae
1001 2656 1104 2731 Prin·
1151 2674 1153 2683 ·

162 2754 293 2850 „cipes
315 2751 486 2850 optarint.
536 2752 636 2827 Cum·
656 2752 767 2848 igitur
787 2753 957 2829 Ecclesrae
977 2774 1105 2852 paucae
1209 2764 1214 2781 ¹

163 2874 388 2953 „parvaeque
410 2851 540 2938 essent,
569 2875 777 2948 magnoque
797 2854 961 2930 tumultu
985 2856 1106 2954 posce·

164 2953 308 3047 „retum
337 2963 380 3026 ut
403 2950 442 3027 in
463 2972 596 3046 magna
611 2950 769 3028 Ecclesia
792 2968 994 3030 conventus
1010 2956 1107 3030 cele·

126 3102 128 3107 -
164 3052 407 3147 „brarentur,
430 3051 552 3147 ibique
583 3073 709 3146 preces
729 3072 797 3150 pro
818 3068 882 3128 tua
907 3053 1022 3130 salute
1045 3055 1108 3130 fie-

164 3152 298 3246 „r'e'nt,
330 3151 429 3248 quod
449 3150 485 3226 dr
504 3149 638 3226 farrum
663 3153 733 3241 est,
757 3175 898 3252 egoque
921 3156 1109 3243 reniterer,

166 3249 538 3346 „adhortationibus,
563 3265 605 3325 ut
631 3272 709 3328 reru
735 3251 974 3352 aliquousque
989 3252 1114 3332 differ·

167 3364 301 3447 „rent,
326 3350 364 3427 dr
386 3352 424 3425 in
441 3349 523 3425 aliis
542 3351 711 3427 Ecclesris
726 3368 842 3428 caetus
858 3368 1020 3451 agerent,
1042 3360 1112 3430 mi·

167 3452 239 3547 „hi
255 3451 467 3547 neutiquam
483 3451 770 3549 obtemperatum
787 3454 857 3543 est,
883 3452 969 3552 quin
986 3455 1112 3554 potius

167 3551 328 3646 „urbem
344 3550 466 3645 egredi
481 3551 598 3647 parati
622 3567 746 3638 erant,
772 3557 865 3631 utin
886 3557 1035 3631 desertis
1054 3558 1112 3631 lo·

167 3653 255 3746 „cis
266 3648 375 3726 &sub
388 3651 448 3724 dio
464 3663 666 3727 conventus
680 3654 853 3730 facerent.
906 3656 1024 3731 Crede
1041 3657 1112 3732 mi·

168 3752 242 3847 „hi
256 3749 480 3851 Imperator,
501 3751 541 3829 dt
560 3752 600 3828 iu
622 3772 705 3831 eam
727 3774 806 3830 rem
831 3754 961 3832 testem
978 3757 1112 3833 verita·

1008 3868 1112 3951 artem
