2468 4358
149 233 248 386 238·
328 200 333 207 ¹
425 212 756 421 ,intonasti
830 252 833 261 ’

148 457 301 552 „leotiae
315 452 520 534 'authorem
544 473 617 532 oon
644 455 778 543 habet,
809 452 982 552 quodque
1006 454 1090 532 aliie

112 566 127 599 ·'-
148 579 259 654 „quae
277 558 364 633 ‘sont
388 556 520 632 author
548 556 670 632 fuerit.
732 554 871 632 Verum
896 579 972 630 non
997 554 1084 631 ideo

13 687 16 691 ·
145 655 272 755 „quod
305 655 424 732 Deum
455 655 657 750 ingenitum
686 665 837 739 vocent,
874 654 991 730 Filius
1021 656 1086 731 de·

146 753 390 850 ,monstratur
415 770 559 831 creatus
583 753 669 840 esse,
717 776 801 829 cum
826 753 941 832 Filius
981 751 1085 832 sicuti

145 854 375 947 ,substantioe
396 855 514 930 Patris
538 853 590 930 sui
616 852 728 927 foetus
750 852 821 942 est,
856 855 909 928 ita
928 867 1086 931 aeterna-

1 1052 3 1058 ι
147 955 257 1048 „liter
276 954 373 1052 apud
394 952 539 1030 Patrem
568 951 746 1031 subsistat:
772 977 864 1031 -non
888 954 987 1028 enim
1012 955 1084 1043 hoo

148 1053 393 1147 „vocabulum
426 1066 593 1129 naturam
619 1051 730 1131 Verbi
761 1051 980 1141 demolitur,
1021 1076 1085 1128 no·

111 1242 122 1253 ‚
147 1174 247 1248 „que
273 1174 346 1227 vox
370 1154 554 1249 ingenitus
585 1150 879 1248 fignificntionem
909 1150 1009 1228 suam
1039 1152 1086 1228 ad

148 1252 332 1355 „[Filium',
359 1250 418 1326 sed
443 1252 491 1327 ad
515 1274 581 1338 ea,
613 1273 696 1348 quae
721 1273 790 1347 per·
804 1251 939 1328 Filium
964 1266 1087 1328 creata

37 1356 44 1369 “
107 1428 112 1445 ,
150 1352 277 1444 ,·,snnt,
308 1351 510 1450 protendit,
544 1349 582 1426 ἀ
598 1373 681 1426 cum
696 1350 804 1424 Pater
819 1351 1005 1445 ingenitos
1022 1352 1086 1449 ap-

150 1451 352 1551 „pellatun
389 1450 481 1525 nihil
501 1448 587 1525 inde
610 1448 782 1525 obstaculi
803 1448 980 1538 nascitur,
1013 1473 1087 1547 quo

22 1614 29 1627 ,
150 1552 300 1642 „minus
322 1547 540 1626 &Verbum
562 1547 601 1625 &
624 1550 747 1646 imago
765 1549 905 1641 Patris,
930 1548 970 1628 δι
987 1550 1088 1628 Patri
1125 1602 1127 1611 ·

152 1647 486 1741 ,consubstantialis
502 1648 737 1745 intelligatur.
1056 1658 1059 1663 '
1083 1702 1087 1709 -
1122 1696 1127 1713 ι

0 1883 13 1901 »⁴
73 1840 135 1941 Ba·
226 1851 283 1923 16.
301 1845 548 1944 „Oportuerat
563 1866 649 1942 ergo
663 1867 727 1921 eos
740 1843 896 1943 primum
917 1842 1086 1942 agnosce·
1116 1868 1127 1915 ε

31 1926 137 2025 ΜΨ
154 1966 220 2036 „re
239 1945 358 2022 Deum
377 1946 521 2021 Patrem
544 1943 631 2031 effe,
665 1966 820 2042 eumque
845 1946 915 2020 hoc
937 1946 1086 2040 nomine
1115 1968 1127 2015 ε

13 2036 59 2075 ”’
87 2032 134 2075 '¹⁸‘
154 2047 323 2144 „potius,
360 2069 468 2142 quom
486 2044 551 2121 illo
567 2045 773 2141 praedicari,
809 2046 982 2140 quoniam
1000 2060 1085 2121 cunt
1112 2068 1127 2147 ,¹

6 2116 90 2247 w,
150 2147 300 2242 ,Deum
314 2146 531 2240 ingenitum,
547 2144 619 2218 hoc
635 2143 696 2229 est,
721 2166 794 2218 non
811 2144 944 2220 lolium
964 2142 1086 2275 appel·
1111 2168 1127 2217 e

93 2242 116 2333 ’,
142 2246 277 2343 '„latit,
303 2268 350 2319 ex
373 2242 604 2337 rebus'foltis
618 2241 764 2317 illorum
782 2244 1007 2319 conditorem
1024 2244 1127 2318 deso

67 2358 70 2363 ’
153 2343 332 2442 „signant
350 2365 422 2439 qno
431 2341 591 2418 Verbum
604 2341 780 2418 fattitium
797 2341 865 2416 elie
882 2341 1084 2417 declarent:
1111 2340 1127 2415 'i

153 2446 242 2542 ,·,qul
257 2457 382 2519 autem
393 2441 512 2516 Deum
529 2439 675 2519 Patrem
690 2443 873 2529 nominat,
895 2441 1014 2517 {latim
1027 2464 1085 2519 eo·
1111 2440 1127 2513 'n

12 2626 16 2634 ,
152 2545 253 2640 „ipio
266 2541 304 2619 oc
321 2539 453 2618 Filium
467 2539 605 2630 innuit,
632 2564 699 2616 nec
714 2542 857 2636 ignorat
871 2564 955 2616 com
972 2540 1085 2617 Filiuo
1109 2566 1127 2617 ι

153 2643 242 2734 „s1t,
277 2642 364 2739 quin
384 2640 508 2715 omnia
523 2659 668 2737 quoque
688 2662 751 2738 per
766 2640 897 2715 Filium
916 2639 984 2715 fint
1001 2662 1127 2717 conon

153 2743 268 2834 „ditio
318 2739 417 2815 Hinc
437 2741 548 2815 etiam
566 2740 695 2816 nullibi
715 2740 753 2815 in
775 2739 956 2838 scripturis
984 2758 1087 2838 repe·
1110 2762 1127 2817 e

92 2849 96 2879 ¹
153 2841 272 2932 „ries,
295 2839 358 2916 ubi
375 2839 403 2915 F
404 2839 488 2916 ilius
503 2839 650 2917 Patrem
668 2838 770 2916 suum
796 2839 996 2936 ingenitum
1025 2862 1089 2913 vo·
1107 2866 1127 2923 ,ι

153 2954 259 3032 „cett
286 2937 325 3017 ἃ
344 2962 428 3014 cum
452 2961 520 3014 nos
546 2961 650 3014 orare
670 2940 855 3025 doceret,
875 2962 949 3013 non
976 2939 1086 3014 dixit:
1112 2962 1127 3015 ι

53 3056 56 3067 ‘
153 3040 312 3132 „dicite,
334 3039 441 3116 Pater
456 3039 636 3134 ingenite,
661 3028 722 3113 'led
740 3038 848 3113 Pater
860 3036 996 3112 noller:
1021 3035 1087 3134 jul·
1113 3062 1127 3113 ι

153 3137 224 3230 „sit
240 3139 352 3214 etiam
368 3160 436 3213 nos
452 3138 648 3235 baptizari,
680 3162 752 3212 non
768 3138 806 3212 io
828 3138 1088 3233 nomine-geni·
1112 3174 1118 3183 ·

153 3239 210 3329 „ti
236 3237 275 3315 ἀ
298 3237 471 3334 ingeniti,
506 3259 624 3333 neque
645 3236 683 3312 in
706 3239 851 3312 nomine
875 3239 1027 3312 increati
1048 3234 1113 3311 δι’

152 3349 377 3428 „oreaturae.
402 3334 462 3409 sed
478 3336 516 3411 in
532 3336 679 3412 nomine
692 3337 828 3423 Patris,
862 3336 900 3413 &
915 3336 1020 3423 Filii,
1053 3335 1088 3412 ἀ

151 3436 336 3536 „Spiritus
353 3434 471 3511 santii.
517 3434 601 3511 Non
620 3449 742 3513 tamen
758 3438 804 3511 ob
824 3436 894 3511 hoc
910 3436 1010 3531 quod
1025 3436 1091 3510 Pa·

153 3549 275 3627 „trem
290 3535 392 3611 suum
409 3532 565 3609 nostrum
583 3535 727 3610 anobis
744 3535 952 3610 concelierit
967 3535 1090 3633 appel·

134 3633 269 3727 „‚lari,
306 3632 455 3732 aequ'um
479 3634 549 3721 est,
579 3644 622 3710 ut
647 3636 810 3733 nosipsos
836 3633 927 3711 Filio
949 3636 1091 3709 ratione

153 3743 322 3844 ,numne
338 3734 605 3836 „adaequemun
646 3757 732 3814 nam
759 3736 857 3834 quod
881 3735 989 3812 nobis
1008 3731 1091 3811 Filii

936 3832 1093 3936 ’lapid'
