2468 4358
194 278 199 295 ·
313 248 509 411 Apologa‘a
537 278 674 351 contro
696 250 909 354 Arranou'
977 234 1096 384 aon·
1158 376 1161 385 .

129 434 222 542 §libi
244 442 368 524 nullus
393 448 668 547 supervenerat,
699 451 877 526 necessum
903 441 1010 540 fuit,
1023 466 1068 530 ut

129 545 227 641 „eas
243 548 450 644 proferrem.
502 550 648 624 Credite
662 551 775 635 mihi.
803 574 929 625 omnes
950 553 1067 629 admi·
1184 580 1187 591 ·

130 647 302 739 „ratione
317 645 414 743 pleni
430 648 491 722 vix
518 649 643 724 induci
665 664 854 746 poterant,
880 664 921 725 ut
943 653 1068 731 crede-

130 757 264 839 ment,
300 744 499 822 istiusmodi
531 747 673 822 litteras
709 772 732 822 a
762 750 866 823 vobis
891 751 1093 846 professae.

129 844 250 938 „esie,
274 847 313 921 in
331 846 461 941 quibus
482 848 624 922 rixandi
648 850 791 945 potius,
818 871 926 945 quam
952 850 1071 926 chari-
1200 866 1203 873 ·

131 945 251 1038 „tatis
275 942 423 1019 assessus
448 945 641 1022 eminebat.
711 948 819 1023 Certe
845 945 932 1042 siqui
957 950 1070 1027 etiam

130 1041 286 1137 ,‚offenfi
313 1042 442 1133 essent,
475 1068 548 1117 non
574 1046 754 1141 oportuit,
787 1042 830 1121 'nt
857 1045 1070 1124 ofl'ennones

130 1141 245 1237 „suas
268 1142 405 1239 scriptis
429 1142 632 1239 proderent.
693 1145 742 1219 Et
764 1145 847 1220 sane
870 1168 942 1240 qua
966 1147 1004 1220 in
1028 1170 1069 1223 re
1084 1146 1089 1206 ἶ

129 1243 278 1335 „vobis
293 1243 424 1338 quibus
439 1241 554 1338 scripsi
573 1242 808 1318 succensionis
821 1247 961 1319 caul'am
976 1267 1070 1341 prae⁴

129 1339 260 1436 abui?¹
274 1364 322 1416 an
338 1340 422 1437 quia
442 1341 626 1416 adhortati
642 1365 710 1417 vos
728 1344 862 1432 sumus,
880 1355 922 1417 ut
936 1347 982 1417 ad
998 1344 1070 1439 Sy·
1165 1412 1168 1421 ,

130 1441 299 1533 „nodum
315 1440 561 1514 occurreretis.
608 1439 722 1537 Atqui
737 1441 829 1517 illud
846 1443 968 1539 potius
983 1467 1068 1518 curn

131 1540 295 1634 „gaudio
313 1541 431 1636 excipi
455 1538 636 1634 oportuit,
661 1542 722 1635 qui
748 1542 845 1616 enirn
873 1542 964 1615 bene
990 1542 1068 1616 sen·

132 1641 259 1733 „tiunt
280 1639 326 1712 de
347 1638 414 1727 iis,
440 1659 522 1735 quae
544 1655 716 1732 egerunt,
742 1639 1067 1734 nonindignanter

129 1737 255 1833 „serre
275 1730 407 1825 solent,
432 1735 578 1834 siquod
603 1739 648 1812 ab
675 1737 757 1834 ipsrs
775 1738 977 1835 judicatum
1002 1739 1064 1827 est,

129 1839 203 1931 „ab
222 1837 304 1912 ‘aliis
320 1837 545 1923 excutiatur,-
571 1837 701 1933 quippe
719 1838 781 1934 qui
796 1838 908 1911 securi
922 1837 1002 1911 sunt
1017 1838 1064 1912 de

119 1935 290 2035 ,aaron
326 1935 379 2010 rur
412 1933 566 2032 judiciis
624 1937 791 2031 quocirca
827 1934 992 2034 Episcopi
1024 1936 1064 2010 in
1196 1884 1230 2036 js

132 2054 293 2130 „magna
316 2034 467 2130 Synodo
495 2033 632 2110 Nicaeae
660 2032 869 2129 congreg’atr
893 2057 966 2108 non
992 2031 1066 2109 stne
1202 1998 1222 2131 f.

132 2135 230 2229 „Dei
253 2132 400 2207 consilio
426 2133 661 2228 permiserunt
685 2133 970 2229 prioris-Synodi
986 2130 1065 2211 atra
1152 2225 1155 2235 Ι
1196 2153 1205 2171 ··

133 2236 197 2327 „in
225 2233 297 2307 alia
316 2233 466 2328 Synodo
489 2234 700 2319 examinari,
761 2231 901 2306 Deinde
923 2230 985 2325 ipsr
1002 2240 1066 2303 ven

133 2325 219 2427 „stri
251 2333 361 2426 legati
395 2321 592 2427 hlartyrius
628 2320 825 2428 Presbyter
862 2330 898 2404 dt
935 2314 1064 2403 Hesio·
1162 2328 1173 2337 ”

131 2418 253 2527 „chus
276 2418 472 2507 concilium
494 2431 604 2508 indici
629 2429 872 2529 postularunt,
905 2427 1065 2503 litterae
1113 2466 1116 2471 ν

101 2562 107 2573 ·
133 2554 233 2628 „que
257 2528 304 2604 ad
328 2518 548 2604 Eusebianos
576 2530 615 2606 dt
639 2527 878 2604 Athanasium
902 2526 1066 2602 Alexan*

133 2631 298 2723 „driann
325 2629 455 2725 quibus
478 2639 761 2704 convocarentur
790 2628 908 2714 mitti,
939 2636 982 2701 ut
1005 2650 1067 2719 coa

133 2754 240 2824 „ram
257 2729 424 2803 omnibus
445 2727 537 2822 justo
553 2728 689 2825 judicio
711 2726 757 2800 de
778 2724 882 2800 causa
899 2724 1067 2821 cognosci
1193 2780 1196 2785 ·

132 2820 291 2928 „polletz
317 2826 343 2921 fi
366 2837 451 2921 ergo
468 2828 526 2916 hi,-
552 2828 613 2923 qui
637 2839 660 2901 a
682 2825 786 2901 vobis
809 2834 874 2920 pro
896 2824 1068 2918 'gravibus

134 2929 251 3023 „viris
275 2926 391 3001 habiti
412 2927 525 3014 fuere,
549 2924 720 3000 authores
737 2924 827 3000 rnihi
843 2925 997 3005 fuerint.¹
1024 2929 1077 2995 ut

133 3052 228 3121 „vos
246 3040 505 3122 convocatam,
532 3037 629 3099 certe
646 3024 684 3099 id
702 3039 723 3097 'a
739 3022 843 3096 vobis
863 3032 960 3116 aegre
982 3014 1070 3094 ferri
1155 3022 1157 3026 ’

131 3151 239 3218 ,non
260 3123 411 3211 debuit,
435 3121 495 3199 sed
519 3125 643 3222 potius
662 3122 830 3199 alacriter
857 3122 904 3195 ad
927 3118 1071 3195 citatim
1128 3198 1130 3203 ,

101 3220 105 3229 ’
135 3248 248 3319 „nem
268 3229 466 3299 occurrere,

101 3486 103 3497 .
213 3434 272 3498 η.
298 3403 465 3507 ‚herode
482 3400 564 3493 hut
580 3397 990 3505 scribitisincoaooffln
1009 3398 1076 3488 haa-

138 3509 230 3614 „bet
251 3516 510 3594 authoritatem
527 3515 700 3614 quaelibet
715 3512 911 3609 synodus,
935 3503 972 3587 dr
990 3520 1078 3585 'cons

139 3616 355 3713 „tumeliose
376 3617 495 3710 agitur
511 3630 594 3690 curn
612 3612 754 3711 judice,
781 3611 884 3706 cujus
900 3599 1077 3708 judicium

141 3707 213 3814 „ab
233 3717 316 3792 aliis
337 3716 579 3800 examinatur,
595 3710 818 3795 considerate,
830 3714 977 3809 quoad
995 3696 1076 3797 srr'rt',

101 3838 103 3845 ·
178 3812 626 3913 &honanotysormlrd
803 3796 837 3899 ,θ
988 3818 1080 3920 asli·
1199 3897 1202 3905 .

1094 3412 1221 3493 lllicddd

1092 3510 1216 3590 Sycedn
1228 3533 1234 3551 ³

1094 3615 1150 3656 rrort
1175 3608 1227 3659 rr:

1090 3665 1227 3758 probare

1092 3760 1147 3830 dae
