2468 4358
153 294 239 389 522
479 269 525 362 S.
544 270 749 388 Athonofii
815 216 819 229 ¹
947 268 952 295 ²

185 452 194 483 “
224 481 260 536 v.
278 473 312 545 8.
345 455 471 534 Timent
487 456 666 535 Dominum
689 456 793 534 omnis
808 467 922 553 terro,
943 480 1014 535 nec
1037 458 1093 534 ul·

7 546 10 551 ¹
153 566 239 649 „tra
263 557 492 635 demonibus
514 558 654 633 cultum
680 557 828 641 offerat:
862 556 905 630 ob
929 583 966 630 eo
986 570 1093 632 nutem

153 669 439 745 „commoueantur
453 681 560 732 omnes
571 654 793 751 ¹inhabitantes
812 653 921 731 orbem
937 653 1095 734 idolola-

126 842 129 849 ,
153 769 273 850 ,‚trae‚
297 756 364 867 qui¹
375 756 501 833 audito
517 753 597 855 ejus
615 758 761 833 nomine
779 755 835 834 illi
851 768 1019 854 pareant.
1066 798 1075 813 ·

225 975 262 1030 v.
278 979 337 1029 10.
361 951 524 1029 Dominus
551 954 682 1055 dissipat
703 954 838 1054 oonfisio
854 955 1002 1053 gmtium
1022 952 1093 1031 &n

154 1051 220 1145 „iit
246 1053 456 1152 Judaeorum
484 1052 630 1130 insidias
654 1055 776 1129 irritus
808 1054 898 1129 fecit
926 1051 1005 1151 post
1030 1054 1104 1145 tri·¹

151 1154 294 1244 „dnum
316 1152 515 1250 resurgens.
577 1176 613 1228 v.
635 1178 692 1228 11.
735 1152 958 1252 Cogitationes
983 1153 1093 1227 contis

149 1256 272 1351 „ejus‚.
303 1247 483 1348 dogmata
502 1251 540 1327 ἂ
562 1252 708 1327 decreta
737 1253 776 1327 in
799 1252 869 1353 hoc
882 1251 938 1327 ,ἀ
966 1251 1091 1361 sutum

82 1431 86 1439 ,
150 1352 310 1445 „soeculo
327 1353 362 1426 in
378 1353 616 1449 generationem
627 1348 914 1450 &generationem
926 1364 1090 1429 manent„

202 1570 257 1624 ,v.
279 1573 336 1625 12.
361 1547 471 1623 Bouto
491 1573 572 1648 gons
594 1548 630 1623 in
650 1546 1012 1649 Christomcredens.
1038 1576 1091 1625 cu·

148 1652 229 1747 „Jut
250 1650 296 1821 ss
319 1643 483 1722 Dominus
501 1648 591 1722 Deus
615 1651 691 1746 ejm
728 1663 858 1745 ‘v.'15.
898 1644 971 1748 Qui
984 1650 1091 1748 finxit
1123 1672 1126 1679 ’

92 1780 95 1785 >
145 1746 250 1849 „figit
264 1747 345 1823 otim
363 1748 465 1824 corio
480 1772 623 1836 eorum,.
641 1744 702 1822 seu
719 1746 819 1825 Dens
844 1747 947 1823 novit
972 1747 1090 1824 homi·

138 1871 262 1939 „num
286 1846 407 1922 corda.
458 1869 493 1923 v.
520 1862 577 1933 18.
611 1845 699 1921 Ecce
724 1846 810 1921 oculi
833 1831 976 1941 Domini
989 1844 1088 1946 stupet

145 1956 341 2037 „metuentes
355 1973 435 2020 eum.
482 1944 587 2021 Oculi
606 1945 753 2021 Domini
770 1944 851 2022 sunt
871 1942 1088 2043 speculatn'x

145 2044 253 2143 „ejus
274 2044 453 2144 potestas:
479 2057 543 2122 ant
561 2044 675 2141 Filius
694 2043 732 2120 ἀ
751 2043 911 2147 Spiritus
927 2044 1087 2136 sanstus,

145 2146 225 2235 „ita
249 2157 292 2222 ut
316 2146 355 2219 in
380 2143 501 2220 medio
529 2144 684 2221 duorum
707 2144 888 2220 luminum
917 2143 963 2220 fit
982 2146 1088 2223 Patet

146 2246 366 2338 „luminum
418 2267 453 2320 v,
476 2269 532 2337 19.
559 2242 609 2317 Et
632 2244 705 2318 osni
727 2268 780 2317 eos
804 2245 969 2417 insumo,
997 2244 1088 2323 'tem-

146 2366 263 2442 „pote
287 2343 544 2441 persecutionis
562 2364 626 2441 per
643 2342 820 2441 Spiritum
855 2342 1014 2420 anitum,

146 2604 324 2723 Psoitnus
348 2604 517 2704 Domiti,
555 2608 706 2719 quondo
731 2606 966 2693 immutavit
996 2603 1084 2695 vus·

113 2803 119 2811 ,
237 2755 306 2820 tum
323 2743 423 2844 suum
448 2767 560 2819 coram
575 2742 784 2831 Abimeieoio,
810 2743 851 2820 δ’
867 2736 992 2844 tiinmstt

390 2891 460 2941 eum
481 2866 522 2943 Ct’
538 2864 621 2940 obiit
635 2864 829 2987 XXXIII.
964 2902 968 2915 ¹

448 3050 771 3149 Argumentum.

114 3272 115 3277 Ν
141 3194 288 3289 „David
301 3195 444 3292 fugiens
453 3194 599 3270 Saulem
618 3196 758 3272 missum
773 3192 808 3270 se
820 3192 866 3269 ab
883 3217 928 3268 eo
942 3194 1083 3285 dicensi

192 3294 258 3388 „sse
287 3297 333 3370 ab
360 3294 582 3369 Abimelech
603 3294 724 3370 ensem
750 3291 917 3385 Goliathi
940 3307 1083 3391 petens,

192 3394 304 3491 „quia
331 3393 431 3470 aliud
455 3395 623 3481 dicebat,
648 3394 749 3470 aliud
770 3393 967 3480 sentiebat,
994 3396 1083 3470 dici·-

191 3507 278 3586 „tur
292 3494 493 3568 immutasse
509 3493 651 3569 vultum
667 3492 782 3569 suum.
830 3492 938 3568 Canit
954 3506 1081 3569 autem

69 3664 72 3671 .
192 3594 317 3684 „hunc
343 3592 524 3669 Psahnum
557 3614 652 3667 novo
685 3592 842 3690 populo,
882 3591 1083 3669 domninam

195 3693 457 3785 „introducens
474 3690 686 3791 Evangelici
709 3692 844 3770 cultus.
1071 3689 1075 3697 “

940 3821 943 3827 ’
984 3856 1081 3913 vers.
