2454 4344
238 282 326 369 250
407 239 410 248 ’
494 275 512 389 ᾗ
546 256 838 374 'trachonitis'
928 342 933 365 Ι
1015 215 1018 219 ’

241 441 424 548 „certeis
444 451 503 529 te,
529 442 567 519 δι
587 444 760 543 meipsum
779 442 1178 529 omniumSanitorum

218 545 471 634 nimiruum
492 542 560 618 eise
584 545 727 620 vellem.
789 544 851 619 An
868 544 1014 622 forfitan
1031 545 1120 634 ideo¹
1135 546 1182 620 ti·

23 696 26 703 ,
150 678 154 685 ·
181 652 184 657 '
212 658 215 663 ’
240 645 306 735 „bi
321 641 506 719 confilium
520 642 751 740 'suppeditant
770 645 824 720 tui
841 643 1062 733 oscultandi,
1079 643 1185 740 quod·

205 741 405 836 ‚“„djxeris
426 739 630 843 juratisque
653 769 726 817 non
750 742 936 829 futurum,
960 757 1002 819 ut
1028 741 1120 827 stes,
1155 742 1182 821 st

203 851 207 856 ’
241 838 494 932 „couiiituaris
521 840 747 942 Episcopus?
804 842 941 918 Verum
963 843 991 923 st
1018 841 1183 937 legiffent

111 979 116 995 ‹
155 986 160 997 ,
237 941 388 1032 ⁸„iactas
410 941 640 1038 Scripturas,
664 965 738 1017 non
767 940 858 1016 citra
883 942 967 1032 illas
993 941 1182 1019 confilium

125 1055 127 1068 '
239 1041 406 1132 „darent
442 1042 537 1127 Quin
553 1040 627 1137 jam
644 1053 790 1138 tempus
807 1040 878 1128 est,
896 1056 940 1116 ut
954 1041 1183 1142 Hieremiam

152 1184 161 1214 r
242 1139 437 1237 „culpent.
470 1138 507 1215 δι
536 1139 663 1216 Mosen
688 1141 875 1228 accusent,
901 1143 999 1237 quod
1022 1141 1183 1237 ipsorum

207 1248 210 1253 “
241 1238 456 1330 „confilium
474 1264 547 1314 non
565 1239 765 1329 audierint,
788 1239 849 1316 sed
863 1241 983 1339 Deum
1000 1242 1108 1315 veriti
1125 1240 1184 1317 ose

215 1337 217 1344 ’
242 1339 391 1428 „ficium
412 1339 601 1414 ministerii
621 1339 856 1436 perfecerint,
890 1339 929 1416 &
951 1339 1182 1434 prohetando

151 1439 159 1515 .’
209 1533 211 1539 ,
241 1438 558 1536 „adimpleverint
571 1438 750 1535 siquidem
765 1438 805 1514 &
821 1439 875 1516 illi
893 1437 982 1518 miffi
1001 1440 1183 1536 accipiam

116 1568 123 1591 =
241 1549 398 1634 „tesque
420 1538 627 1634 Prophetiae
653 1538 811 1633 gratiam
840 1539 945 1614 initio
969 1537 1183 1617 recusabant

108 1670 110 1675 ’
234 1636 438 1731 „quidem
465 1634 524 1716 sed
544 1636 664 1735 POstea
690 1638 913 1732 timuerunt,
937 1658 1055 1742 neque
1073 1637 1181 1717 emis·

177 1780 183 1787 ·
241 1737 385 1831 „sorem
403 1736 504 1814 suum
521 1736 801 1836 vilipenderant.
886 1810 888 1815 ,

64 1931 180 2033 Quarto
212 1987 213 1993 a
265 1963 274 1971 ·
318 1959 354 2030 4.
387 1933 491 2032 „Jam
518 1933 629 2029 igitur
651 1933 724 2016 srve
753 1930 878 2030 gracili
900 1931 946 2007 fis
972 1941 1084 2022 voce,
1107 1934 1183 2016 five

47 2012 639 2137 ¹coaptatae„i,n}„3(1impilingua,
665 2055 790 2109 verere
815 2032 952 2130 semper
974 2035 1039 2130 qui
1065 2047 1105 2112 te
1128 2037 1185 2141 ita

50 2120 213 2252 itm?
248 2133 381 2221 „finxit
401 2134 542 2219 Deum,
562 2133 635 2208 five
651 2146 688 2209 te
704 2134 814 2209 nimis
828 2132 1000 2229 juvenem
1013 2135 1121 2210 dicas·
1134 2136 1184 2212 ad

60 2267 217 2334 impp,
245 2235 580 2328 „praedicationem
596 2246 720 2310 metue
734 2247 857 2310 tamen
868 2257 966 2320 eum,
984 2235 1045 2330 qui
1089 2235 1186 2313 rius·

28 2331 118 2420 aas.
156 2333 173 2358 ”
245 2355 382 2426 „quam
401 2331 630 2420 formareris,
657 2345 808 2406 noverat
823 2346 869 2406 te.
923 2335 1028 2419 Quod
1051 2258 1087 2408 (ξ
1100 2358 1185 2410 ver·

244 2434 359 2520 „bum
378 2430 523 2507 locutus
546 2452 609 2518 es,
633 2431 671 2508 δι
688 2431 838 2505 verbum
856 2431 984 2510 sanctis
997 2455 1062 2529 pro
1080 2431 1184 2531 jura·

243 2543 394 2619 „mento
411 2529 472 2616 est,
488 2528 714 2606 reminiscere
730 2531 850 2626 quaeso
866 2530 1077 2625 Hieremiae,
1090 2537 1184 2629 quo'·

243 2631 382 2720 „modo
398 2628 470 2727 ipse
483 2629 726 2726 quidsixeratz,
742 2654 815 2707 non
834 2633 1029 2706 nominabo
1045 2657 1184 2712 nomen

240 2731 442 2823 „Domini,
474 2728 594 2825 postea
619 2755 692 2805 non
718 2743 759 2805 ut
785 2747 1060 2827 praeoccupatus
1081 2731 1184 2829 jura-

174 2890 176 2895 .
199 2918 202 2927 ¹
244 2841 396 2921 „mento
413 2829 447 2903 se
462 2827 678 2906 intenebras
690 2829 842 2913 abdidit,
856 2831 1061 2905 sedveritus
1078 2856 1185 2907 man·

245 2931 437 3019 „datorem
455 2929 557 3004 suum
576 2928 808 3026 Prophetiam
827 2929 990 3004 aisiolvit.
1041 2929 1181 3008 Annon

240 3027 414 3119 „audisti,
440 3029 539 3122 quod
564 3029 601 3103 &
625 3029 736 3127 Jonas
759 3029 905 3123 quidem
932 3030 1091 3126 fugerit,
1118 3030 1181 3107 sed

241 3144 391 3218 „tamen
419 3127 543 3201 denuo
577 3129 697 3224 postca
731 3128 970 3227 prophetavit.
997 3162 1000 3169 ⁴
1025 3131 1182 3217 Melius

241 3230 399 3324 „quippe
422 3249 531 3320 quam
553 3251 620 3301 nos
647 3224 765 3307 nostra
790 3230 894 3303 novit
912 3229 1117 3317 Dominus,
1140 3231 1180 3312 δι

241 3329 382 3418 „novin
394 3327 523 3418 quibus
540 3325 621 3402 suas
638 3328 835 3407 committit
852 3326 1042 3410 Ecclesras,
1053 3331 1179 3425 quodsi

128 3484 135 3489 .
197 3460 204 3469 ν
241 3427 351 3519 „quis
372 3425 504 3518 dignus
529 3451 602 3499 non
627 3424 690 3510 fit,
713 3424 776 3503 ille
795 3426 886 3501 milri
909 3451 982 3502 non
998 3429 1046 3503 ad
1063 3429 1179 3512 vitam

166 3556 169 3597 2
240 3526 387 3616 „suam,
415 3524 474 3597 sed
499 3525 721 3603 funitionem
748 3525 848 3601 suam
870 3515 1208 3626 ministeriumque'

240 3624 451 3721 „respiciat,
470 3649 515 3697 ne
533 3623 638 3698 simul
657 3647 742 3699 cum
757 3628 834 3698 vita
851 3624 911 3700 sua
929 3627 1041 3701 etiam
1061 3629 1178 3724 negli·

240 3726 402 3831 „gentiae
426 3724 719 3819 maledictionem
742 3723 886 3809 referat,
949 3726 1179 3910 Dilettiigme

300 3870 303 3875 ’
1054 3878 1083 3924 rr
1119 3852 1177 3913 [δ’
