<?xml version="1.0" encoding="UTF-8"?>
<!DOCTYPE html PUBLIC "-//W3C//DTD XHTML 1.0 Transitional//EN"
    "http://www.w3.org/TR/xhtml1/DTD/xhtml1-transitional.dtd">
<html xmlns="http://www.w3.org/1999/xhtml" xml:lang="en" lang="en">
 <head>
  <title>
</title>
<meta http-equiv="Content-Type" content="text/html;charset=utf-8" />
  <meta name='ocr-system' content='tesseract 3.04.00' />
  <meta name='ocr-capabilities' content='ocr_page ocr_carea ocr_par ocr_line ocrx_word'/>
</head>
<body>
  <div class='ocr_page' id='page_1' title='image "./analysisoperums12schrgoog_0488.png"; bbox 0 0 2468 4358; ppageno 0'>
   <div class='ocr_carea' id='block_1_1' title="bbox 186 206 1220 390">
    <p class='ocr_par' dir='ltr' id='par_1_1' title="bbox 186 206 1220 390">
     <span class='ocr_line' id='line_1_1' title="bbox 186 206 1220 390; baseline 0.009 -30"><span class='ocrx_word' id='word_1_1' title='bbox 186 206 195 239; x_wconf 58' lang='lat'><em>³</em></span> <span class='ocrx_word' id='word_1_2' title='bbox 335 276 384 362; x_wconf 81' lang='lat' dir='ltr'><strong>n</strong></span> <span class='ocrx_word' id='word_1_3' title='bbox 404 216 686 361; x_wconf 67' lang='lat' dir='ltr'><strong>maceriam</strong></span> <span class='ocrx_word' id='word_1_4' title='bbox 706 272 903 390; x_wconf 68' lang='lat' dir='ltr'><strong>appan·</strong></span> <span class='ocrx_word' id='word_1_5' title='bbox 991 276 1078 388; x_wconf 68' lang='lat'><strong>4⁶9</strong></span> <span class='ocrx_word' id='word_1_6' title='bbox 1204 274 1220 369; x_wconf 88' lang='grc'><strong>·.</strong></span> 
     </span>
    </p>
   </div>
   <div class='ocr_carea' id='block_1_2' title="bbox 134 420 1146 756">
    <p class='ocr_par' dir='ltr' id='par_1_2' title="bbox 134 420 1146 756">
     <span class='ocr_line' id='line_1_2' title="bbox 134 420 1146 563; baseline -0.02 -13"><span class='ocrx_word' id='word_1_7' title='bbox 134 457 242 552; x_wconf 64' lang='lat' dir='ltr'><strong>§nmis</strong></span> <span class='ocrx_word' id='word_1_8' title='bbox 264 420 560 557; x_wconf 61' lang='lat' dir='ltr'><strong>expulsum-ost.</strong></span> <span class='ocrx_word' id='word_1_9' title='bbox 584 462 768 555; x_wconf 89' lang='lat' dir='ltr'><strong>quomodo</strong></span> <span class='ocrx_word' id='word_1_10' title='bbox 792 445 948 563; x_wconf 71' lang='lat' dir='ltr'><strong>tolerare</strong></span> <span class='ocrx_word' id='word_1_11' title='bbox 971 479 1078 556; x_wconf 88' lang='lat' dir='ltr'><strong>opor·</strong></span> <span class='ocrx_word' id='word_1_12' title='bbox 1123 427 1146 515; x_wconf 47' lang='lat' dir='ltr'><strong><em>f</em></strong></span> 
     </span>
     <span class='ocr_line' id='line_1_3' title="bbox 135 560 1077 656; baseline 0.002 -21"><span class='ocrx_word' id='word_1_13' title='bbox 135 573 248 653; x_wconf 78' lang='lat' dir='ltr'><strong>;,teat</strong></span> <span class='ocrx_word' id='word_1_14' title='bbox 261 560 526 648; x_wconf 77' lang='lat' dir='ltr'><strong>tribulationes,</strong></span> <span class='ocrx_word' id='word_1_15' title='bbox 542 561 628 656; x_wconf 91' lang='lat' dir='ltr'><strong>quid</strong></span> <span class='ocrx_word' id='word_1_16' title='bbox 643 560 854 636; x_wconf 82' lang='lat' dir='ltr'><strong>tribulatum</strong></span> <span class='ocrx_word' id='word_1_17' title='bbox 874 562 993 635; x_wconf 79' lang='lat' dir='ltr'>dicere</span> <span class='ocrx_word' id='word_1_18' title='bbox 1011 579 1077 655; x_wconf 78' lang='lat' dir='ltr'><strong>pat</strong></span> 
     </span>
     <span class='ocr_line' id='line_1_4' title="bbox 137 655 1077 756; baseline -0.002 -22"><span class='ocrx_word' id='word_1_19' title='bbox 137 655 233 751; x_wconf 89' lang='lat' dir='ltr'><strong>‚,srt,</strong></span> <span class='ocrx_word' id='word_1_20' title='bbox 256 659 344 755; x_wconf 91' lang='lat' dir='ltr'><strong>quid</strong></span> <span class='ocrx_word' id='word_1_21' title='bbox 360 658 436 755; x_wconf 82' lang='lat' dir='ltr'><strong>poll</strong></span> <span class='ocrx_word' id='word_1_22' title='bbox 451 660 720 746; x_wconf 79' lang='lat' dir='ltr'><strong>tribulationes,</strong></span> <span class='ocrx_word' id='word_1_23' title='bbox 737 682 808 756; x_wconf 88' lang='lat' dir='ltr'><strong>qua</strong></span> <span class='ocrx_word' id='word_1_24' title='bbox 825 658 964 736; x_wconf 86' lang='lat' dir='ltr'><strong>ratione</strong></span> <span class='ocrx_word' id='word_1_25' title='bbox 978 660 1077 755; x_wconf 77' lang='lat' dir='ltr'><strong>quia·</strong></span> 
     </span>
    </p>
   </div>
   <div class='ocr_carea' id='block_1_3' title="bbox 90 756 1217 1751">
    <p class='ocr_par' dir='ltr' id='par_1_3' title="bbox 90 756 1171 956">
     <span class='ocr_line' id='line_1_5' title="bbox 136 756 1075 855; baseline -0.001 -21"><span class='ocrx_word' id='word_1_26' title='bbox 136 780 240 854; x_wconf 88' lang='lat' dir='ltr'><strong>„que</strong></span> <span class='ocrx_word' id='word_1_27' title='bbox 255 761 436 852; x_wconf 85' lang='lat' dir='ltr'><strong>probatur,</strong></span> <span class='ocrx_word' id='word_1_28' title='bbox 462 759 610 855; x_wconf 77' lang='lat' dir='ltr'><strong>quinam</strong></span> <span class='ocrx_word' id='word_1_29' title='bbox 633 756 701 834; x_wconf 82' lang='lat' dir='ltr'><strong>sint</strong></span> <span class='ocrx_word' id='word_1_30' title='bbox 722 761 909 834; x_wconf 88' lang='lat' dir='ltr'><strong>&#39;sermones</strong></span> <span class='ocrx_word' id='word_1_31' title='bbox 935 780 1075 847; x_wconf 87' lang='lat' dir='ltr'><strong>eorum,</strong></span> 
     </span>
     <span class='ocr_line' id='line_1_6' title="bbox 90 856 1171 956; baseline 0 -25"><span class='ocrx_word' id='word_1_32' title='bbox 90 862 99 887; x_wconf 61' lang='lat'>⁸</span> <span class='ocrx_word' id='word_1_33' title='bbox 138 858 234 953; x_wconf 89' lang='lat' dir='ltr'><strong>„qul</strong></span> <span class='ocrx_word' id='word_1_34' title='bbox 250 858 390 956; x_wconf 89' lang='lat' dir='ltr'><strong>sperant</strong></span> <span class='ocrx_word' id='word_1_35' title='bbox 405 858 443 932; x_wconf 92' lang='lat' dir='ltr'><strong>in</strong></span> <span class='ocrx_word' id='word_1_36' title='bbox 460 858 667 933; x_wconf 89' lang='lat' dir='ltr'><strong>Dominum.</strong></span> <span class='ocrx_word' id='word_1_37' title='bbox 725 859 817 935; x_wconf 88' lang='lat' dir='ltr'><strong>Item</strong></span> <span class='ocrx_word' id='word_1_38' title='bbox 835 861 966 934; x_wconf 90' lang='lat' dir='ltr'><strong>docent</strong></span> <span class='ocrx_word' id='word_1_39' title='bbox 980 856 1076 932; x_wconf 86' lang='lat' dir='ltr'><strong>Psal·</strong></span> <span class='ocrx_word' id='word_1_40' title='bbox 1168 910 1171 915; x_wconf 87' lang='lat'>-</span> 
     </span>
    </p>

    <p class='ocr_par' dir='ltr' id='par_1_4' title="bbox 137 956 1217 1153">
     <span class='ocr_line' id='line_1_7' title="bbox 137 956 1217 1055; baseline -0.002 -24"><span class='ocrx_word' id='word_1_41' title='bbox 137 957 243 1048; x_wconf 86' lang='lat' dir='ltr'><strong>‚‚mi,</strong></span> <span class='ocrx_word' id='word_1_42' title='bbox 272 956 379 1053; x_wconf 88' lang='lat' dir='ltr'><strong>quid,</strong></span> <span class='ocrx_word' id='word_1_43' title='bbox 412 957 475 1053; x_wconf 88' lang='lat' dir='ltr'><strong>qui</strong></span> <span class='ocrx_word' id='word_1_44' title='bbox 499 957 638 1054; x_wconf 79' lang='lat' dir='ltr'><strong>gratias</strong></span> <span class='ocrx_word' id='word_1_45' title='bbox 657 957 760 1052; x_wconf 86' lang='lat' dir='ltr'><strong>agit,</strong></span> <span class='ocrx_word' id='word_1_46' title='bbox 795 958 895 1055; x_wconf 89' lang='lat' dir='ltr'><strong>loqui</strong></span> <span class='ocrx_word' id='word_1_47' title='bbox 924 957 1075 1051; x_wconf 75' lang='lat' dir='ltr'><strong>debeata</strong></span> <span class='ocrx_word' id='word_1_48' title='bbox 1215 1024 1217 1029; x_wconf 83' lang='grc'><strong>,</strong></span> 
     </span>
     <span class='ocr_line' id='line_1_8' title="bbox 140 1054 1075 1153; baseline -0.001 -23"><span class='ocrx_word' id='word_1_49' title='bbox 140 1054 297 1152; x_wconf 87' lang='lat' dir='ltr'><strong>„quales</strong></span> <span class='ocrx_word' id='word_1_50' title='bbox 316 1057 353 1131; x_wconf 93' lang='lat' dir='ltr'><strong>in</strong></span> <span class='ocrx_word' id='word_1_51' title='bbox 372 1054 642 1152; x_wconf 88' lang='lat' dir='ltr'><strong>persecutione,</strong></span> <span class='ocrx_word' id='word_1_52' title='bbox 663 1056 791 1153; x_wconf 83' lang='lat' dir='ltr'><strong>quales</strong></span> <span class='ocrx_word' id='word_1_53' title='bbox 807 1056 882 1153; x_wconf 84' lang='lat' dir='ltr'><strong>poll</strong></span> <span class='ocrx_word' id='word_1_54' title='bbox 898 1080 980 1132; x_wconf 89' lang='lat' dir='ltr'><strong>eam</strong></span> <span class='ocrx_word' id='word_1_55' title='bbox 997 1072 1075 1130; x_wconf 85' lang='lat' dir='ltr'><strong>eto·</strong></span> 
     </span>
    </p>

    <p class='ocr_par' dir='ltr' id='par_1_5' title="bbox 137 1151 1078 1751">
     <span class='ocr_line' id='line_1_9' title="bbox 140 1151 1077 1253; baseline -0.001 -24"><span class='ocrx_word' id='word_1_56' title='bbox 140 1156 223 1251; x_wconf 90' lang='lat' dir='ltr'><strong>„pti</strong></span> <span class='ocrx_word' id='word_1_57' title='bbox 254 1155 332 1229; x_wconf 90' lang='lat' dir='ltr'><strong>Deo</strong></span> <span class='ocrx_word' id='word_1_58' title='bbox 361 1151 542 1230; x_wconf 87' lang='lat' dir='ltr'><strong>sermones</strong></span> <span class='ocrx_word' id='word_1_59' title='bbox 566 1153 725 1253; x_wconf 85' lang='lat' dir='ltr'><strong>prolerre</strong></span> <span class='ocrx_word' id='word_1_60' title='bbox 749 1156 969 1240; x_wconf 83' lang='lat' dir='ltr'><strong>debeamus:</strong></span> <span class='ocrx_word' id='word_1_61' title='bbox 992 1156 1077 1250; x_wconf 80' lang='lat' dir='ltr'><strong>&#39;qu&#39;a</strong></span> 
     </span>
     <span class='ocr_line' id='line_1_10' title="bbox 137 1252 1077 1369; baseline 0.001 -41"><span class='ocrx_word' id='word_1_62' title='bbox 137 1255 314 1367; x_wconf 61' lang='lat' dir='ltr'><strong>,natione</strong></span> <span class='ocrx_word' id='word_1_63' title='bbox 338 1252 455 1369; x_wconf 80' lang='lat' dir='ltr'><strong>Deum</strong></span> <span class='ocrx_word' id='word_1_64' title='bbox 480 1256 627 1330; x_wconf 89' lang='lat' dir='ltr'><strong>laudare</strong></span> <span class='ocrx_word' id='word_1_65' title='bbox 650 1266 841 1353; x_wconf 86' lang='lat' dir='ltr'><strong>oporteat,</strong></span> <span class='ocrx_word' id='word_1_66' title='bbox 875 1256 1077 1368; x_wconf 79' lang='lat' dir='ltr'><strong>quibusque</strong></span> 
     </span>
     <span class='ocr_line' id='line_1_11' title="bbox 140 1351 1078 1551; baseline -0.003 -23"><span class='ocrx_word' id='word_1_67' title='bbox 140 1351 931 1551; x_wconf 51' lang='lat' dir='ltr'><strong>:alala{tintinnabant</strong></span> <span class='ocrx_word' id='word_1_68' title='bbox 955 1354 1078 1527; x_wconf 61' lang='lat' dir='ltr'><strong>aslis</strong></span> 
     </span>
     <span class='ocr_line' id='line_1_12' title="bbox 139 1552 1078 1655; baseline 0.001 -30"><span class='ocrx_word' id='word_1_69' title='bbox 139 1552 315 1645; x_wconf 84' lang='lat' dir='ltr'><strong>„cantica</strong></span> <span class='ocrx_word' id='word_1_70' title='bbox 331 1553 378 1626; x_wconf 86' lang='lat' dir='ltr'><strong>ad</strong></span> <span class='ocrx_word' id='word_1_71' title='bbox 395 1575 462 1626; x_wconf 84' lang='lat' dir='ltr'><strong>nos</strong></span> <span class='ocrx_word' id='word_1_72' title='bbox 477 1553 684 1649; x_wconf 83' lang='lat' dir='ltr'><strong>nostrosque</strong></span> <span class='ocrx_word' id='word_1_73' title='bbox 698 1566 822 1631; x_wconf 85' lang='lat' dir='ltr'><strong>motus</strong></span> <span class='ocrx_word' id='word_1_74' title='bbox 839 1567 1078 1655; x_wconf 88' lang='lat' dir='ltr'><strong>motuumque</strong></span> 
     </span>
     <span class='ocr_line' id='line_1_13' title="bbox 141 1652 762 1751; baseline 0.011 -25"><span class='ocrx_word' id='word_1_75' title='bbox 141 1652 455 1751; x_wconf 81' lang='lat' dir='ltr'><strong>„temperationes¹</strong></span> <span class='ocrx_word' id='word_1_76' title='bbox 475 1652 762 1733; x_wconf 86' lang='lat' dir='ltr'><strong>accommodata.</strong></span> 
     </span>
    </p>
   </div>
   <div class='ocr_carea' id='block_1_4' title="bbox 103 1840 1229 3934">
    <p class='ocr_par' dir='ltr' id='par_1_6' title="bbox 103 1840 1229 3911">
     <span class='ocr_line' id='line_1_14' title="bbox 144 1840 1227 2045; baseline -0.009 -23"><span class='ocrx_word' id='word_1_77' title='bbox 144 1844 1079 2045; x_wconf 58' lang='lat' dir='ltr'><strong>‚anillalaniarattteaaa</strong></span> <span class='ocrx_word' id='word_1_78' title='bbox 1092 1840 1227 2012; x_wconf 61' lang='lat' dir='ltr'><strong>llll-</strong></span> 
     </span>
     <span class='ocr_line' id='line_1_15' title="bbox 145 2034 1228 2163; baseline 0.001 -42"><span class='ocrx_word' id='word_1_79' title='bbox 145 2046 393 2143; x_wconf 83' lang='lat' dir='ltr'><strong>„quibusdam</strong></span> <span class='ocrx_word' id='word_1_80' title='bbox 412 2045 558 2137; x_wconf 87' lang='lat' dir='ltr'><strong>dicunt,</strong></span> <span class='ocrx_word' id='word_1_81' title='bbox 582 2049 664 2122; x_wconf 88' lang='lat' dir='ltr'><strong>lraec</strong></span> <span class='ocrx_word' id='word_1_82' title='bbox 682 2046 756 2144; x_wconf 88' lang='lat' dir='ltr'><strong>ipsa</strong></span> <span class='ocrx_word' id='word_1_83' title='bbox 774 2051 835 2144; x_wconf 90' lang='lat' dir='ltr'><strong>qui</strong></span> <span class='ocrx_word' id='word_1_84' title='bbox 856 2048 1004 2143; x_wconf 79' lang='lat' dir='ltr'><strong>legunt,</strong></span> <span class='ocrx_word' id='word_1_85' title='bbox 1033 2036 1163 2163; x_wconf 54' lang='lat' dir='ltr'><strong>iilss&#39;*</strong></span> <span class='ocrx_word' id='word_1_86' title='bbox 1186 2034 1228 2122; x_wconf 49' lang='grc' dir='ltr'><strong>’Ὗ</strong></span> 
     </span>
     <span class='ocr_line' id='line_1_16' title="bbox 103 2120 1200 2253; baseline 0.003 -35"><span class='ocrx_word' id='word_1_87' title='bbox 103 2166 105 2171; x_wconf 93' lang='grc'><em>·</em></span> <span class='ocrx_word' id='word_1_88' title='bbox 140 2146 222 2237; x_wconf 82' lang='lat' dir='ltr'><strong>„de</strong></span> <span class='ocrx_word' id='word_1_89' title='bbox 237 2145 369 2243; x_wconf 87' lang='lat' dir='ltr'><strong>quibus</strong></span> <span class='ocrx_word' id='word_1_90' title='bbox 382 2146 572 2232; x_wconf 78' lang='lat' dir='ltr'><strong>dicuntur,</strong></span> <span class='ocrx_word' id='word_1_91' title='bbox 587 2146 764 2235; x_wconf 87' lang='lat' dir='ltr'><strong>referant,</strong></span> <span class='ocrx_word' id='word_1_92' title='bbox 783 2146 820 2222; x_wconf 80' lang='lat' dir='ltr'><strong>dr</strong></span> <span class='ocrx_word' id='word_1_93' title='bbox 837 2148 898 2243; x_wconf 92' lang='lat' dir='ltr'><strong>qui</strong></span> <span class='ocrx_word' id='word_1_94' title='bbox 915 2146 1079 2232; x_wconf 87' lang='lat' dir='ltr'><strong>audiunt,</strong></span> <span class='ocrx_word' id='word_1_95' title='bbox 1091 2120 1200 2253; x_wconf 51' lang='grc' dir='ltr'><strong>,ηεξ</strong></span> 
     </span>
     <span class='ocr_line' id='line_1_17' title="bbox 147 2243 1102 2347; baseline 0.005 -30"><span class='ocrx_word' id='word_1_96' title='bbox 147 2243 248 2336; x_wconf 86' lang='lat' dir='ltr'><strong>„sese</strong></span> <span class='ocrx_word' id='word_1_97' title='bbox 263 2243 355 2320; x_wconf 89' lang='lat' dir='ltr'><strong>alios</strong></span> <span class='ocrx_word' id='word_1_98' title='bbox 370 2243 572 2321; x_wconf 79' lang='lat' dir='ltr'><strong>erdlliment</strong></span> <span class='ocrx_word' id='word_1_99' title='bbox 596 2245 641 2320; x_wconf 86' lang='lat' dir='ltr'><strong>ab</strong></span> <span class='ocrx_word' id='word_1_100' title='bbox 665 2244 732 2334; x_wconf 78' lang='lat' dir='ltr'><strong>ile,</strong></span> <span class='ocrx_word' id='word_1_101' title='bbox 755 2245 801 2319; x_wconf 94' lang='lat' dir='ltr'><strong>de</strong></span> <span class='ocrx_word' id='word_1_102' title='bbox 819 2247 948 2342; x_wconf 91' lang='lat' dir='ltr'><strong>quibus</strong></span> <span class='ocrx_word' id='word_1_103' title='bbox 965 2243 1102 2347; x_wconf 81' lang='lat' dir='ltr'><strong>sermo¹¹</strong></span> 
     </span>
     <span class='ocr_line' id='line_1_18' title="bbox 147 2343 1214 2442; baseline 0.004 -25"><span class='ocrx_word' id='word_1_104' title='bbox 147 2343 354 2437; x_wconf 88' lang='lat' dir='ltr'><strong>„habetnr,</strong></span> <span class='ocrx_word' id='word_1_105' title='bbox 380 2345 433 2420; x_wconf 88' lang='lat' dir='ltr'><strong>ita</strong></span> <span class='ocrx_word' id='word_1_106' title='bbox 459 2343 555 2439; x_wconf 81' lang='lat' dir='ltr'><strong>gella</strong></span> <span class='ocrx_word' id='word_1_107' title='bbox 576 2345 691 2419; x_wconf 85' lang='lat' dir='ltr'><strong>relata</strong></span> <span class='ocrx_word' id='word_1_108' title='bbox 711 2345 941 2422; x_wconf 86' lang='lat' dir='ltr'><strong>admirationi</strong></span> <span class='ocrx_word' id='word_1_109' title='bbox 965 2343 1081 2421; x_wconf 89' lang='lat' dir='ltr'><strong>solum</strong></span> <span class='ocrx_word' id='word_1_110' title='bbox 1209 2424 1214 2442; x_wconf 33' lang='grc' dir='ltr'>ι</span> 
     </span>
     <span class='ocr_line' id='line_1_19' title="bbox 137 2442 1081 2542; baseline 0.004 -26"><span class='ocrx_word' id='word_1_111' title='bbox 137 2443 355 2535; x_wconf 83' lang='lat' dir='ltr'><strong>·„nabeant,</strong></span> <span class='ocrx_word' id='word_1_112' title='bbox 379 2442 417 2518; x_wconf 75' lang='lat' dir='ltr'><strong>tr</strong></span> <span class='ocrx_word' id='word_1_113' title='bbox 431 2443 608 2519; x_wconf 90' lang='lat' dir='ltr'><strong>imitanda</strong></span> <span class='ocrx_word' id='word_1_114' title='bbox 623 2443 685 2518; x_wconf 90' lang='lat' dir='ltr'><strong>srbi</strong></span> <span class='ocrx_word' id='word_1_115' title='bbox 703 2459 915 2542; x_wconf 85' lang='lat' dir='ltr'><strong>proponant.</strong></span> <span class='ocrx_word' id='word_1_116' title='bbox 961 2442 1015 2520; x_wconf 84' lang='lat' dir='ltr'><strong>At</strong></span> <span class='ocrx_word' id='word_1_117' title='bbox 1036 2442 1081 2520; x_wconf 90' lang='lat' dir='ltr'><strong>li·</strong></span> 
     </span>
     <span class='ocr_line' id='line_1_20' title="bbox 146 2540 1081 2639; baseline 0.003 -22"><span class='ocrx_word' id='word_1_118' title='bbox 146 2541 282 2635; x_wconf 91' lang='lat' dir='ltr'><strong>„brum</strong></span> <span class='ocrx_word' id='word_1_119' title='bbox 302 2540 406 2618; x_wconf 84' lang='lat' dir='ltr'><strong>illum</strong></span> <span class='ocrx_word' id='word_1_120' title='bbox 423 2542 484 2638; x_wconf 90' lang='lat' dir='ltr'><strong>qui</strong></span> <span class='ocrx_word' id='word_1_121' title='bbox 501 2541 608 2618; x_wconf 89' lang='lat' dir='ltr'><strong>sumit</strong></span> <span class='ocrx_word' id='word_1_122' title='bbox 623 2543 839 2639; x_wconf 76' lang='lat' dir='ltr'><strong>prophetiae·</strong></span> <span class='ocrx_word' id='word_1_123' title='bbox 849 2543 896 2620; x_wconf 87' lang='lat' dir='ltr'><strong>de</strong></span> <span class='ocrx_word' id='word_1_124' title='bbox 912 2543 1081 2622; x_wconf 72' lang='lat' dir='ltr'><strong>Salvato-</strong></span> 
     </span>
     <span class='ocr_line' id='line_1_21' title="bbox 147 2640 1080 2738; baseline 0.002 -22"><span class='ocrx_word' id='word_1_125' title='bbox 147 2642 224 2732; x_wconf 84' lang='lat' dir='ltr'><strong>„ra&#39;</strong></span> <span class='ocrx_word' id='word_1_126' title='bbox 241 2663 324 2716; x_wconf 85' lang='lat' dir='ltr'><strong>curn</strong></span> <span class='ocrx_word' id='word_1_127' title='bbox 348 2640 641 2719; x_wconf 82' lang='lat' dir='ltr'><strong>admiratione&amp;</strong></span> <span class='ocrx_word' id='word_1_128' title='bbox 657 2642 870 2718; x_wconf 87' lang='lat' dir='ltr'><strong>adoratione</strong></span> <span class='ocrx_word' id='word_1_129' title='bbox 887 2645 1080 2738; x_wconf 66' lang='lat' dir='ltr'><strong>percurrit,</strong></span> 
     </span>
     <span class='ocr_line' id='line_1_22' title="bbox 148 2738 1082 2838; baseline -0.001 -21"><span class='ocrx_word' id='word_1_130' title='bbox 148 2738 271 2831; x_wconf 81' lang='lat' dir='ltr'><strong>„alios</strong></span> <span class='ocrx_word' id='word_1_131' title='bbox 284 2760 374 2831; x_wconf 83' lang='lat' dir='ltr'><strong>vero</strong></span> <span class='ocrx_word' id='word_1_132' title='bbox 387 2738 548 2817; x_wconf 87' lang='lat' dir='ltr'><strong>Psalmos</strong></span> <span class='ocrx_word' id='word_1_133' title='bbox 568 2739 664 2838; x_wconf 84' lang='lat' dir='ltr'><strong>quast</strong></span> <span class='ocrx_word' id='word_1_134' title='bbox 681 2743 844 2838; x_wconf 85' lang='lat' dir='ltr'><strong>proprios</strong></span> <span class='ocrx_word' id='word_1_135' title='bbox 859 2739 922 2819; x_wconf 92' lang='lat' dir='ltr'><strong>llbi</strong></span> <span class='ocrx_word' id='word_1_136' title='bbox 949 2742 1082 2817; x_wconf 89' lang='lat' dir='ltr'><strong>sermo·</strong></span> 
     </span>
     <span class='ocr_line' id='line_1_23' title="bbox 131 2835 1219 2939; baseline 0.003 -27"><span class='ocrx_word' id='word_1_137' title='bbox 131 2844 247 2930; x_wconf 63' lang='lat' dir='ltr'><strong>*„nes</strong></span> <span class='ocrx_word' id='word_1_138' title='bbox 259 2835 370 2935; x_wconf 88' lang='lat' dir='ltr'><strong>legit,</strong></span> <span class='ocrx_word' id='word_1_139' title='bbox 393 2839 455 2936; x_wconf 91' lang='lat' dir='ltr'><strong>qui</strong></span> <span class='ocrx_word' id='word_1_140' title='bbox 470 2854 592 2915; x_wconf 91' lang='lat' dir='ltr'><strong>autem</strong></span> <span class='ocrx_word' id='word_1_141' title='bbox 607 2838 775 2929; x_wconf 82' lang='lat' dir='ltr'><strong>audierit,</strong></span> <span class='ocrx_word' id='word_1_142' title='bbox 799 2839 897 2939; x_wconf 89' lang='lat' dir='ltr'><strong>quast</strong></span> <span class='ocrx_word' id='word_1_143' title='bbox 920 2839 1000 2915; x_wconf 87' lang='lat' dir='ltr'><strong>haec</strong></span> <span class='ocrx_word' id='word_1_144' title='bbox 1020 2863 1081 2915; x_wconf 87' lang='lat' dir='ltr'><strong>ea·</strong></span> <span class='ocrx_word' id='word_1_145' title='bbox 1216 2848 1219 2855; x_wconf 86' lang='lat'>&#39;</span> 
     </span>
     <span class='ocr_line' id='line_1_24' title="bbox 144 2936 1124 3037; baseline 0.002 -25"><span class='ocrx_word' id='word_1_146' title='bbox 144 2939 265 3035; x_wconf 51' lang='lat' dir='ltr'><strong>„deni</strong></span> <span class='ocrx_word' id='word_1_147' title='bbox 287 2936 361 3035; x_wconf 86' lang='lat' dir='ltr'><strong>ipse</strong></span> <span class='ocrx_word' id='word_1_148' title='bbox 381 2936 581 3036; x_wconf 85' lang='lat' dir='ltr'><strong>proferret,</strong></span> <span class='ocrx_word' id='word_1_149' title='bbox 605 2939 878 3037; x_wconf 85' lang='lat' dir='ltr'><strong>compungitur,</strong></span> <span class='ocrx_word' id='word_1_150' title='bbox 898 2952 1009 3035; x_wconf 88' lang='lat' dir='ltr'><strong>atque</strong></span> <span class='ocrx_word' id='word_1_151' title='bbox 1029 2940 1082 3014; x_wconf 88' lang='lat' dir='ltr'><strong>ita</strong></span> <span class='ocrx_word' id='word_1_152' title='bbox 1115 2954 1124 2963; x_wconf 81' lang='grc'><strong>’</strong></span> 
     </span>
     <span class='ocr_line' id='line_1_25' title="bbox 147 3034 1083 3135; baseline 0.003 -23"><span class='ocrx_word' id='word_1_153' title='bbox 147 3038 401 3131; x_wconf 83' lang='lat' dir='ltr'><strong>„canticorum</strong></span> <span class='ocrx_word' id='word_1_154' title='bbox 419 3038 539 3114; x_wconf 83' lang='lat' dir='ltr'><strong>verbis</strong></span> <span class='ocrx_word' id='word_1_155' title='bbox 552 3034 707 3114; x_wconf 85' lang='lat' dir='ltr'><strong>afficitur</strong></span> <span class='ocrx_word' id='word_1_156' title='bbox 718 3037 815 3135; x_wconf 84' lang='lat' dir='ltr'><strong>quast</strong></span> <span class='ocrx_word' id='word_1_157' title='bbox 832 3038 892 3116; x_wconf 88' lang='lat' dir='ltr'><strong>sua</strong></span> <span class='ocrx_word' id='word_1_158' title='bbox 904 3040 1027 3127; x_wconf 83' lang='lat' dir='ltr'><strong>essent,</strong></span> <span class='ocrx_word' id='word_1_159' title='bbox 1043 3036 1083 3115; x_wconf 80' lang='lat' dir='ltr'><strong>dr</strong></span> 
     </span>
     <span class='ocr_line' id='line_1_26' title="bbox 148 3134 1081 3239; baseline 0.002 -29"><span class='ocrx_word' id='word_1_160' title='bbox 148 3156 262 3233; x_wconf 88' lang='lat' dir='ltr'><strong>„quae</strong></span> <span class='ocrx_word' id='word_1_161' title='bbox 280 3136 448 3213; x_wconf 87' lang='lat' dir='ltr'><strong>dicuntur</strong></span> <span class='ocrx_word' id='word_1_162' title='bbox 471 3136 570 3233; x_wconf 84' lang='lat' dir='ltr'><strong>quasa</strong></span> <span class='ocrx_word' id='word_1_163' title='bbox 591 3134 667 3234; x_wconf 85' lang='lat' dir='ltr'><strong>ipse</strong></span> <span class='ocrx_word' id='word_1_164' title='bbox 685 3138 819 3239; x_wconf 82' lang='lat' dir='ltr'><strong>egerit,</strong></span> <span class='ocrx_word' id='word_1_165' title='bbox 844 3140 894 3213; x_wconf 88' lang='lat' dir='ltr'><strong>ita</strong></span> <span class='ocrx_word' id='word_1_166' title='bbox 911 3138 957 3212; x_wconf 90' lang='lat' dir='ltr'><strong>de</strong></span> <span class='ocrx_word' id='word_1_167' title='bbox 975 3136 1010 3211; x_wconf 90' lang='lat' dir='ltr'><strong>se</strong></span> <span class='ocrx_word' id='word_1_168' title='bbox 1026 3135 1081 3212; x_wconf 91' lang='lat' dir='ltr'><strong>lo·</strong></span> 
     </span>
     <span class='ocr_line' id='line_1_27' title="bbox 148 3235 1229 3333; baseline 0.005 -25"><span class='ocrx_word' id='word_1_169' title='bbox 148 3236 325 3333; x_wconf 81' lang='lat' dir='ltr'><strong>„quando</strong></span> <span class='ocrx_word' id='word_1_170' title='bbox 347 3236 394 3312; x_wconf 90' lang='lat' dir='ltr'><strong>ad</strong></span> <span class='ocrx_word' id='word_1_171' title='bbox 426 3235 546 3312; x_wconf 89' lang='lat' dir='ltr'><strong>Deum</strong></span> <span class='ocrx_word' id='word_1_172' title='bbox 574 3236 705 3324; x_wconf 82' lang='lat' dir='ltr'><strong>refert,</strong></span> <span class='ocrx_word' id='word_1_173' title='bbox 739 3260 825 3313; x_wconf 89' lang='lat' dir='ltr'><strong>nam</strong></span> <span class='ocrx_word' id='word_1_174' title='bbox 849 3235 979 3313; x_wconf 89' lang='lat' dir='ltr'><strong>Psalmi</strong></span> <span class='ocrx_word' id='word_1_175' title='bbox 1003 3251 1081 3313; x_wconf 87' lang='lat' dir='ltr'><strong>tam</strong></span> <span class='ocrx_word' id='word_1_176' title='bbox 1226 3268 1229 3275; x_wconf 95' lang='lat'>·</span> 
     </span>
     <span class='ocr_line' id='line_1_28' title="bbox 147 3332 1080 3433; baseline 0.002 -25"><span class='ocrx_word' id='word_1_177' title='bbox 147 3333 256 3432; x_wconf 80' lang='lat' dir='ltr'><strong>„ejus</strong></span> <span class='ocrx_word' id='word_1_178' title='bbox 279 3336 343 3430; x_wconf 89' lang='lat' dir='ltr'><strong>qui</strong></span> <span class='ocrx_word' id='word_1_179' title='bbox 365 3347 545 3431; x_wconf 83' lang='lat' dir='ltr'><strong>praecepta</strong></span> <span class='ocrx_word' id='word_1_180' title='bbox 565 3334 735 3422; x_wconf 83' lang='lat' dir='ltr'><strong>servavit,</strong></span> <span class='ocrx_word' id='word_1_181' title='bbox 759 3358 868 3432; x_wconf 87' lang='lat' dir='ltr'><strong>quam</strong></span> <span class='ocrx_word' id='word_1_182' title='bbox 892 3332 992 3433; x_wconf 85' lang='lat' dir='ltr'><strong>ejus,</strong></span> <span class='ocrx_word' id='word_1_183' title='bbox 1018 3333 1080 3431; x_wconf 89' lang='lat' dir='ltr'><strong>qui</strong></span> 
     </span>
     <span class='ocr_line' id='line_1_29' title="bbox 147 3433 1134 3531; baseline 0.003 -25"><span class='ocrx_word' id='word_1_184' title='bbox 147 3436 438 3531; x_wconf 86' lang='lat' dir='ltr'><strong>„praevaricatus</strong></span> <span class='ocrx_word' id='word_1_185' title='bbox 466 3434 538 3521; x_wconf 82' lang='lat' dir='ltr'><strong>ell&#39;,</strong></span> <span class='ocrx_word' id='word_1_186' title='bbox 571 3433 666 3530; x_wconf 85' lang='lat' dir='ltr'><strong>gella</strong></span> <span class='ocrx_word' id='word_1_187' title='bbox 696 3437 893 3512; x_wconf 88' lang='lat' dir='ltr'><strong>continent.</strong></span> <span class='ocrx_word' id='word_1_188' title='bbox 960 3434 1084 3530; x_wconf 81' lang='lat' dir='ltr'><strong>Atque</strong></span> <span class='ocrx_word' id='word_1_189' title='bbox 1131 3517 1134 3522; x_wconf 52' lang='grc'><em>,</em></span> 
     </span>
     <span class='ocr_line' id='line_1_30' title="bbox 131 3532 1080 3629; baseline -0.002 -22"><span class='ocrx_word' id='word_1_190' title='bbox 131 3532 269 3626; x_wconf 78' lang='lat' dir='ltr'><strong>„mihi</strong></span> <span class='ocrx_word' id='word_1_191' title='bbox 281 3534 428 3629; x_wconf 86' lang='lat' dir='ltr'><strong>qpidem</strong></span> <span class='ocrx_word' id='word_1_192' title='bbox 444 3535 599 3619; x_wconf 87' lang='lat' dir='ltr'><strong>videtur,</strong></span> <span class='ocrx_word' id='word_1_193' title='bbox 618 3532 782 3629; x_wconf 88' lang='lat' dir='ltr'><strong>psallenti</strong></span> <span class='ocrx_word' id='word_1_194' title='bbox 797 3535 905 3609; x_wconf 82' lang='lat' dir='ltr'><strong>verba</strong></span> <span class='ocrx_word' id='word_1_195' title='bbox 925 3532 1080 3627; x_wconf 85' lang='lat' dir='ltr'><strong>psalmo·</strong></span> 
     </span>
     <span class='ocr_line' id='line_1_31' title="bbox 150 3631 1084 3730; baseline -0.003 -25"><span class='ocrx_word' id='word_1_196' title='bbox 150 3653 259 3727; x_wconf 81' lang='lat' dir='ltr'><strong>„runt</strong></span> <span class='ocrx_word' id='word_1_197' title='bbox 278 3631 345 3706; x_wconf 84' lang='lat' dir='ltr'><strong>else</strong></span> <span class='ocrx_word' id='word_1_198' title='bbox 363 3631 469 3708; x_wconf 86' lang='lat' dir='ltr'><strong>inllar</strong></span> <span class='ocrx_word' id='word_1_199' title='bbox 485 3631 637 3729; x_wconf 87' lang='lat' dir='ltr'><strong>speculi,</strong></span> <span class='ocrx_word' id='word_1_200' title='bbox 664 3645 706 3707; x_wconf 92' lang='lat' dir='ltr'><strong>ut</strong></span> <span class='ocrx_word' id='word_1_201' title='bbox 725 3634 857 3730; x_wconf 90' lang='lat' dir='ltr'><strong>proprii</strong></span> <span class='ocrx_word' id='word_1_202' title='bbox 877 3633 987 3707; x_wconf 88' lang='lat' dir='ltr'><strong>animi</strong></span> <span class='ocrx_word' id='word_1_203' title='bbox 1005 3652 1084 3704; x_wconf 91' lang='lat' dir='ltr'><strong>mo·</strong></span> 
     </span>
     <span class='ocr_line' id='line_1_32' title="bbox 149 3728 1088 3911; baseline -0.016 -96"><span class='ocrx_word' id='word_1_204' title='bbox 149 3743 241 3830; x_wconf 83' lang='lat' dir='ltr'><strong>„tus</strong></span> <span class='ocrx_word' id='word_1_205' title='bbox 264 3731 304 3810; x_wconf 89' lang='lat' dir='ltr'><strong>in</strong></span> <span class='ocrx_word' id='word_1_206' title='bbox 326 3729 408 3832; x_wconf 86' lang='lat' dir='ltr'><strong>ipsrs</strong></span> <span class='ocrx_word' id='word_1_207' title='bbox 426 3731 712 3911; x_wconf 46' lang='lat' dir='ltr'><strong>contemplectiur,</strong></span> <span class='ocrx_word' id='word_1_208' title='bbox 737 3744 847 3835; x_wconf 88' lang='lat' dir='ltr'><strong>atque</strong></span> <span class='ocrx_word' id='word_1_209' title='bbox 862 3734 914 3810; x_wconf 89' lang='lat' dir='ltr'><strong>ita</strong></span> <span class='ocrx_word' id='word_1_210' title='bbox 937 3728 1088 3806; x_wconf 79' lang='lat' dir='ltr'><strong>all&#39;ettns</strong></span> 
     </span>
    </p>

    <p class='ocr_par' dir='ltr' id='par_1_7' title="bbox 666 3846 1089 3934">
     <span class='ocr_line' id='line_1_33' title="bbox 666 3846 1089 3934; baseline 0.009 -33"><span class='ocrx_word' id='word_1_211' title='bbox 666 3852 734 3934; x_wconf 68' lang='lat' dir='ltr'><strong>gg</strong></span> <span class='ocrx_word' id='word_1_212' title='bbox 1017 3846 1089 3918; x_wconf 71' lang='lat' dir='ltr'><strong>„ea</strong></span> 
     </span>
    </p>
   </div>
   <div class='ocr_carea' id='block_1_5' title="bbox 0 0 1250 4358">
    <p class='ocr_par' dir='ltr' id='par_1_8' title="bbox 0 0 1250 4358">
     <span class='ocr_line' id='line_1_34' title="bbox 0 0 1250 4358; baseline 0 0"><span class='ocrx_word' id='word_1_213' title='bbox 0 0 1250 4358; x_wconf 95' lang='lat' dir='ltr'><strong> </strong></span> 
     </span>
    </p>
   </div>
  </div>
 </body>
</html>
