2468 4358
338 260 547 359 semme
574 267 626 355 ad
652 263 876 353 Μιιιιιιιι.
1018 290 1076 382 79

131 452 238 545 „tuit
258 455 390 530 mortis
413 416 650 540 seutentiam,
678 453 752 550 ipse
767 448 1011 527 comminatus
1026 454 1077 528 eil

132 560 278 646 „etiam
289 553 490 651 judicium3
514 552 575 628 ιι
565 576 603 629 ιι
627 553 698 628 boc
721 575 833 629 verax
857 549 927 636 est,
952 554 1075 629 necin

133 654 231 746 „illo
246 653 534 750 potestmeudax
548 652 709 728 existere.¹
753 653 869 767 Igitur
885 647 1074 740 literram,

131 776 212 844 „ex
234 774 308 849 qua
336 753 450 829 bomo
473 752 590 828 fastus
613 750 683 840 est,
716 754 854 828 creavit
874 774 923 824 ex
943 751 1074 838 nihilo,
1206 794 1211 803 ·

91 920 93 929 .
133 866 303 950 „quanto
319 852 437 948 magis
453 852 706 928 hominemex
721 854 874 927 materia
892 848 1075 927 subfisten·
1142 882 1147 889 ·

135 965 201 1045 „te
216 951 398 1039 mestum,
420 951 462 1028 dt
483 975 505 1027 a
528 964 649 1027 morte
667 965 878 1050 corruptum
906 973 954 1027 ex
977 948 1078 1047 ejus·

134 1053 250 1143 „dem
265 1063 373 1128 terne
388 1065 562 1127 manente
576 1049 766 1126 substantia
790 1050 934 1127 facilius
950 1052 1073 1126 denuo

135 1152 298 1250 „poterit
325 1149 551 1226 reformare?
600 1149 687 1226 Nou
716 1150 922 1226 enimcum
947 1149 1073 1226 labore

90 1266 337 1350 Πιμιιιιι
354 1250 467 1326 Deus.
517 1249 575 1326 Ne
590 1271 678 1346 ergo
692 1250 871 1327 increduli
885 1272 1075 1326 remanea-
1138 1245 1149 1259 “
1181 1274 1184 1279 ·

90 1440 92 1445 ,
136 1372 271 1442 „mus,
285 1352 380 1448 quia
396 1362 526 1448 potens
541 1349 592 1425 eli
607 1350 708 1424 Deus
731 1352 853 1425 facere
870 1351 968 1446 quod
990 1362 1075 1446 pro·

90 1458 92 1465 '
135 1447 281 1542 „mifit‚
305 1465 347 1526 ut
372 1474 419 1524 ue
438 1471 504 1547 pro
524 1449 777 1525 incredulitate
800 1459 941 1546 magis,
962 1473 1074 1569 quam

138 1570 233 1648 „pro
255 1549 376 1647 pravis
399 1549 569 1646 operibus
588 1548 892 1625 condemnemur.
924 1572 1010 1625 nam
1033 1530 1075 1626 iu

136 1648 337 1748 „operibus
350 1648 560 1746 delinquere
572 1648 796 1724 infirmitatis
812 1649 987 1726 indicium
1002 1648 1075 1742 ell3

138 1749 395 1842 ,incredulum
423 1770 510 1823 vero
538 1747 608 1823 esse
636 1748 829 1824 audaciam
855 1749 1075 1827 temeritatis

137 1848 353 1944 „fignificat
406 1848 504 1944 Ergo
520 1849 609 1924 dum
624 1863 771 1945 tempus
792 1847 972 1924 habemus
992 1868 1076 1946 par·

138 1971 294 2041 „camus
317 1945 605 2064 nobismetipfis,
630 1945 930 2045 &propitiemus
952 1947 1074 2024 Deum

89 2124 92 2134 ,
138 2069 231 2148 „pro
252 2046 412 2163 peccatis
433 2046 588 2135 nollris,
615 2070 663 2121 ue
679 2046 880 2149 quandum
904 2047 1075 2123 tenebras

140 2148 368 2241 „exteriores
399 2146 526 2263 projici
553 2146 766 2244 jubeamur,
801 2147 866 2222 ubi
892 2144 942 2220 est
965 2146 1076 2221 fletus

137 2246 205 2340 „dr
221 2246 350 2324 stridor
374 2247 552 2324 deutrum.
613 2247 712 2334 Quid
739 2259 864 2324 autem
888 2243 1027 2320 fletus
1017 2270 1074 2320 m·

137 2348 287 2442 „dicam
304 2345 368 2422 ιιι
385 2347 612 2423 horribilium
626 2345 879 2443 suppliciorum
895 2345 1077 2422 immensi

138 2444 294 2539 „tates‘l
318 2445 358 2522 ιι
373 2447 460 2543 quid
477 2445 653 2543 fignificat
670 2446 798 2522 stridor
812 2446 992 2533 dentium,
1008 2446 1074 2522 uiri

137 2548 253 2645 „qnia
266 2568 333 2644 pro
349 2547 481 2623 iisdem
496 2547 655 2644 peccatis
669 2546 851 2643 majorum
871 2549 941 2622 erit
961 2549 1077 2644 poeni-

138 2647 260 2738 „tudo
277 2646 473 2735 malorum,
486 2646 632 2743 quando
647 2647 819 2723 adversus
835 2647 1076 2743 nosmetipsos

140 2746 401 2841 „indignantes
435 2770 518 2821 cum
543 2745 692 2820 stridore
716 2747 881 2821 dentium
905 2751 1079 2842 paenitere

141 2845 395 2963 „incipiemus
446 2845 540 2921 Cum
556 2866 644 2940 ergo
661 2846 841 2942 posumus
856 2847 895 2920 iu
912 2844 984 2919 boc
999 2847 1078 2918 bre·

142 2949 206 3039 „vi
221 2959 386 3042 tempore
401 2944 531 3020 servrre
538 2944 631 3032 Deo
648 2946 685 3020 dr
702 2945 882 3020 liberaris
898 2947 1079 3041 gehenna,

141 3067 236 3138 „cur
252 3042 493 3160 negligimus
515 3042 554 3120 dr
570 3043 807 3142 despicientes
821 3057 1002 3143 praecepta
1014 3042 1081 3121 Dei
1165 3046 1169 3051 ’

88 3189 92 3225 ι
141 3145 346 3238 „servimus
363 3145 516 3260 propriis
532 3142 810 3241 voluptatibus?
835 3142 937 3219 Deus
957 3159 1082 3221 auteur

89 3262 94 3329 ι
141 3244 288 3335 „noster
301 3244 430 3320 dives
420 3266 458 3319 ιι
474 3242 730 3331 misericordia,
746 3243 784 3319 dc
798 3244 979 3342 potensin
995 3268 1082 3343 ope-

88 3356 97 3430 ι
141 3345 271 3437 „ribus
291 3341 363 3419 suis
386 3343 536 3441 adjuvet
561 3343 809 3419 infirmitatem
830 3342 1006 3429 nostram,
1040 3344 1079 3420 ιι

88 3453 96 3526 ι
142 3445 236 3537 „det
251 3445 424 3521 uirtutem
441 3444 560 3531 nobis,
564 3441 605 3519 dt
621 3442 844 3519 intellesbun
858 3444 996 3519 tribuat
1015 3442 1082 3540 spi·

87 3577 93 3624 ι
144 3543 338 3660 mmmm,
366 3555 409 3618 ut
427 3545 466 3618 ιιι
484 3544 638 3618 veritate
661 3542 865 3618 fideliter
833 3566 867 3619 er
886 3542 1082 3618 servientes

87 3691 92 3704 ·
143 3643 401 3736 „inveniamus
427 3645 581 3756 gratiam
607 3644 705 3742 apud
728 3642 881 3722 Deum
871 3664 910 3719 ιι
934 3643 998 3720 illa
1020 3645 1081 3716 die

87 3787 90 3803 ι
142 3744 326 3869 „terribili
338 3741 519 3844 judicii
487 3764 568 3843 ejus
581 3741 725 3825 Amen
941 3835 1081 3917 SAN*
