2468 4358
1216 40 1224 211 t

85 242 446 370 aul
572 170 883 360 saianans,
963 332 967 339 ,
1074 268 1153 327 n.

894 384 902 416 Ι

181 442 184 453 “
256 462 258 467 ’
314 461 348 530 3.
375 429 532 518 „Quadi
545 431 675 531 denuo
706 414 937 505 resumendus
962 429 1011 505 est
1034 427 1178 503 intelle·

244 533 350 629 „iius
361 530 506 605 istorum
521 533 736 619 verborum,
752 530 885 604 tradita
900 529 983 603 lunt
1004 526 1081 614 illi,
1096 546 1179 625 qua
1214 562 1224 633 i

245 655 349 726 „non
365 630 533 714 habebat,
555 643 662 706 antea
686 630 784 705 enim
802 630 911 700 homo
927 652 999 702 non
1016 626 1101 713 luit,
1118 625 1177 700 sed
1214 636 1224 715 ἰ’

245 729 487 824 „ideoxfanus
511 728 559 804 est
583 728 714 812 homo,
740 741 781 802 ut
797 727 981 807 hominem
996 724 1177 819 1setvaret5
1217 732 1224 837 i

228 828 314 922 ''‚‚&
338 829 383 902 in
400 829 575 925 principio
591 827 756 902 Verbum
780 847 865 898 caro
890 850 963 900 uon
989 825 1095 911 erat,
1120 822 1179 907 sed
1205 856 1212 871 ·

245 926 500 1026 „postmodnm
531 927 665 1001 factum
694 924 761 1015 ast,
796 923 833 1000 dt
851 946 934 998 cum
955 924 1051 1020 quod
1080 923 1177 1020 priua

187 1056 190 1079 ·
245 1049 348 1119 „non
373 1036 471 1113 erat,
498 1025 611 1100 fanus
635 1024 739 1111 eliet,
764 1022 895 1097 tradita
920 1022 972 1097 illi
999 1024 1083 1103 lunt
1100 1045 1177 1105 om·

245 1125 347 1217 „nia
398 1126 581 1199 Caeterum
603 1123 664 1197 ubi
690 1122 791 1197 suam
817 1146 899 1197 cuin
917 1123 1024 1201 Patre
1041 1119 1177 1205 indica,

23 1272 43 1319 .·
244 1245 313 1317 „re
338 1220 418 1296 vult
440 1221 642 1304 unitatem,
667 1225 796 1309 omnin,
821 1221 961 1316 inquit,
990 1241 1179 1335 quacunque

87 1328 107 1405 κ’
247 1320 370 1415 „tana
384 1321 497 1403 Pater,
520 1348 590 1396 mea
599 1320 698 1419 sunt:
722 1345 795 1394 non
816 1315 927 1397 dixlt:
953 1322 1189 1415 quaecunque,¹

133 1469 154 1490 ·.
188 1509 190 1513 ⁷
249 1422 388 1514 „habet
410 1421 536 1506 Pater,
559 1421 648 1493 mihi
673 1419 790 1506 dedit,
817 1442 863 1496 ne
888 1418 1083 1514 aliquando
1108 1440 1177 1501 non
1213 1444 1224 1465 ·

248 1518 434 1610 „habuille
460 1519 562 1612 argui
586 1517 696 1631 pollet
704 1539 715 1608 ;
754 1518 813 1591 sed
837 1518 946 1593 dixit:
980 1519 1090 1595 omnia
1106 1538 1178 1599 mea
1213 1538 1224 1561 ·

249 1616 370 1715 ‚find
393 1641 476 1691 cum
502 1619 598 1691 enim
616 1619 736 1692 onmia
755 1615 943 1691 constituta
964 1614 1032 1714 sint
1056 1617 1095 1691 in
1109 1615 1183 1689 Pa·-

250 1717 344 1806 „tris
359 1715 554 1811 potestate,
580 1738 661 1809 quae
683 1715 811 1789 eadem
830 1714 879 1789 est
895 1712 998 1803 Filii,
1024 1715 1062 1791 in
1087 1712 1179 1797 Filio
1220 1720 1224 1757 ³

248 1833 422 1910 „quoque
446 1815 640 1889 constituta
664 1814 809 1892 fuerint.
878 1816 982 1889 Sicut
1007 1813 1179 1909 argoPn·¹

249 1920 334 2003 „ter
365 1912 414 1987 est
444 1928 528 1988 ante
555 1937 700 1988 omnem
727 1924 949 1999 creatutam,
983 1912 1036 1987 ita
1070 1911 1180 1997 etiam

249 2024 362 2103 „ante
375 2014 575 2090 creaturam
592 2012 821 2106 habuit,quae
833 2013 956 2097 habet,
970 2032 1053 2107 quae
1068 2012 1179 2095 etiatn
1221 2046 1224 2055 ·

169 2122 177 2131 '
211 2178 213 2182 Α
248 2110 360 2200 „Filii
376 2134 519 2206 quoque
537 2112 603 2186 elie
622 2112 822 2192 credimus,
849 2109 872 2184 fi
895 2111 991 2202 enim
1013 2111 1053 2187 in
1072 2110 1179 2193 Patre
1222 2142 1224 2149 ·

249 2209 326 2299 „est
342 2209 473 2294 Filius,
492 2232 577 2302 ergo
594 2207 771 2304 sequitur,
792 2219 834 2293 ut
851 2209 993 2301 omnia,
1013 2204 1180 2306 quae'Pu·

182 2355 185 2372 ·
233 2320 331 2397 ·„ter
347 2308 481 2397 habet,
501 2308 582 2385 Filii
606 2307 684 2385 lint.
1147 2340 1150 2347 ·
1194 2358 1200 2373 ,

61 2518 143 2602 Qua
157 2515 214 2584 aa.
322 2529 358 2600 4.
387 2502 486 2591 „Sed
506 2503 631 2579 dicunt
648 2502 673 2578 si
693 2505 814 2580 omnia
829 2504 962 2581 tradita
982 2490 1179 2599 suntFilio,
1209 2550 1224 2595 ῃ

64 2601 112 2669 bn
130 2602 230 2700 Pater,
251 2599 379 2688 „desiit
406 2625 492 2694 ergo
513 2602 620 2677 Pater
644 2626 771 2678 eorum
795 2604 928 2678 habere
952 2603 1178 2702 potestatem,
1222 2665 1224 2669 .

63 2682 152 2780 daun
179 2687 232 2760 ll·
250 2722 359 2794 „quae
383 2702 421 2776 in
445 2701 576 2775 Filium
601 2702 785 2781 alienavit.
837 2703 972 2783 Verum
994 2704 1046 2785 ita
1064 2703 1178 2799 legra·⁸

64 2766 134 2839 ‘ml‘
248 2813 366 2893 „gant
381 2800 565 2877 manifeste
581 2803 807 2896 unigenitum
821 2801 888 2875 Dei
907 2825 930 2876 a
949 2802 1047 2888 Deo,
1069 2824 1180 2900 aqud

85 2990 89 2997 Ι
247 2899 312 2988 „in
319 2899 541 2994 segregabilis
559 2899 607 2975 est
627 2912 776 2989 natura,
799 2901 988 2996 verbisque
1005 2900 1110 2976 illum
1126 2902 1180 2977 dl·

108 3032 109 3037 ¹
247 3004 411 3085 „rimunt
435 3000 601 3072 homines
627 2999 761 3083 insani,
802 3000 863 3094 qui
880 3025 953 3074 non
970 2999 1180 3096 intelligunt

247 3096 354 3184 „fieri
367 3121 440 3170 non
460 3096 567 3193 polin,
589 3109 631 3171 ut
655 3098 720 3170 lux
737 3120 759 3170 a
774 3097 844 3171 sole
866 3096 1116 3194 disjungatur,
1139 3101 1178 3187 in
1220 3100 1224 3215 i

246 3216 346 3291 „quo
362 3195 575 3276 naturaliter
586 3194 756 3275 consistit:
770 3219 854 3271 nam
865 3197 928 3275 illa
945 3198 1074 3275 verba:
1091 3219 1178 3294 qna·
1199 3250 1202 3254 -
1220 3232 1224 3285 ῑ

238 3320 394 3390 „cunque
412 3291 506 3367 labet
522 3293 639 3369 Pater:
665 3294 783 3369 Patris
809 3297 1036 3393 dominatum
1064 3294 1179 3383 ostenp
1212 3292 1224 3393 ,ᾖ

246 3394 384 3482 „duntz
410 3392 442 3466 is
461 3412 566 3468 vero:
592 3418 662 3469 mea
670 3392 779 3492 stante
801 3395 1073 3491 inseparabilem
1098 3395 1180 3483 unis

247 3504 390 3583 „tatem
411 3490 663 3572 demonstrant,
714 3490 903 3567 Neceffum
925 3492 1115 3588 igiturest,
1131 3505 1180 3583 ut
1212 3557 1215 3563 .

246 3590 542 3682 „intelligamus,
572 3590 609 3669 in
634 3590 742 3665 Patre
772 3591 839 3672 elie
863 3594 1106 3675 aeternitatem
1141 3590 1192 3683 ὅς’

247 3688 605 3789 „innonalitateim
642 3711 756 3792 eaque
783 3689 850 3775 effe
872 3692 909 3774 in
934 3691 1000 3777 illo
1034 3702 1196 3873 nonrut.

585 3835 588 3841 “
662 3835 667 3843 “
1061 3809 1111 3885 „a
1127 3813 1178 3874 lss’
