2454 4344
416 236 508 368 aa
522 184 580 329 ‘e
600 192 798 327 aaa
917 300 925 327 ..
949 208 1089 355 aas
1208 346 1211 353 ,

122 430 264 512 „inone
279 432 451 498 vexatam
469 410 619 522 januam
636 450 710 501 non
727 422 891 521 aperuit,
915 419 1065 503 sende·

122 520 257 616 „snper
272 520 492 619 ‘prospiciens
512 524 561 599 ad
582 523 703 613 iidem¹
715 525 755 598 in
770 521 950 600 Christum
974 544 1063 599 eum

122 617 371 711 „exhortatus
385 621 455 712 est,
479 624 541 719 qui
566 622 736 699 invocato
758 622 889 701 Christi
914 622 1062 699 nornine
1138 660 1145 687 a

123 718 268 808 „abiit,
293 719 406 796 filiam
426 721 604 798 reducens
623 747 646 798 a
667 723 835 811 daemone
856 723 1062 803 liberatam.

123 817 208 908 „Ut
223 818 315 894 vidit
331 833 454 897 antem
469 820 532 897 irbi
550 842 573 897 a·
592 821 719 898 multis
741 820 940 898 molestiam
961 843 1064 897 crea·
1171 914 1174 919 f

123 919 206 1008 „ri,
229 919 387 1008 veritus,
412 943 459 994 ne
476 945 524 995 ex
539 919 668 1017 segnis,
691 943 775 1018 quae
798 942 862 1018 per
883 921 918 996 se
935 920 1065 995 Domi·
1166 922 1170 929 '

125 1036 228 1107 „nus
253 1016 431 1108 faciebat,
469 1020 727 1109 extolleretur,
769 1019 949 1119 prosedas
976 1018 1063 1097 ind·

125 1115 312 1207 „ducibus
329 1117 521 1195 Saracenis
540 1120 616 1217 post
636 1121 748 1197 trium
766 1120 909 1195 dierum
933 1118 971 1196 dr
995 1134 1065 1197 nu·-

126 1216 267 1308 „etium
276 1217 344 1293 iter
359 1217 408 1292 ad
423 1233 587 1295 montem
605 1221 769 1317 pervenit
784 1217 981 1295 admodum
998 1240 1064 1291 ex·
1117 1266 1119 1273 2
1155 1296 1157 1301 .

127 1312 305 1406 „celsum
321 1316 370 1391 ad
389 1315 494 1414 cujus
510 1319 670 1401 radicem
686 1341 780 1415 aqua
796 1330 875 1394 erat
892 1315 1066 1415 limpidis·
1131 1404 1134 1411 ¹
1166 1398 1170 1403 ,

120 1412 252 1505 ·„iima·
263 1437 460 1514 paucaeque
477 1410 610 1514 palmae
627 1418 788 1498 incultae.
820 1418 861 1492 In
874 1416 945 1491 hoe
960 1440 1066 1493 mon·

106 1526 196 1603 „te
215 1515 374 1613 acceptis
390 1516 544 1611 panibus
560 1538 583 1594 a
602 1518 675 1593 viae
691 1514 798 1593 iociis
813 1517 910 1592 inlus
923 1536 1068 1593 reman-
1107 1550 1117 1561 «
1171 1610 1174 1615 .

129 1612 223 1702 „s1t,
247 1612 356 1689 &ad
380 1631 474 1691 eum'
489 1617 661 1692 Saraceni
683 1641 767 1693 curn
793 1617 926 1715 gaudio
953 1637 1067 1713 panes

126 1711 380 1803 „deferebant
431 1714 517 1790 Post.
533 1717 614 1792 haec
627 1716 689 1791 ubi
705 1718 828 1793 locum
841 1717 973 1792 frames
989 1716 1068 1790 edi·
1095 1743 1102 1752 ⁸
1118 1792 1121 1799 ,

127 1812 299 1903 „dicere,
314 1811 378 1919 ipsa
393 1815 716 1891 transmittendum
733 1833 872 1930 panem·
880 1825 1067 1903 curarunt,
1126 1844 1127 1851 ¹

125 1912 1096 2109 :uruntur¹:rniaentaax·
1158 2110 1162 2121 ,

127 2133 229 2208 „que
243 2110 435 2188 frumenti:
461 2112 594 2210 quibus
611 2113 732 2188 allatis
746 2128 880 2189 terram
896 2111 987 2189 fatui
1001 2134 1067 2215 ap·
1113 2199 1115 2205 ,

126 2224 238 2302 „tam
254 2211 380 2299 coluit,
398 2210 661 2310 &quotannis
678 2213 762 2289 inde
776 2236 907 2311 panem
926 2212 1067 2290 habuit.

128 2310 236 2400 „Sed
257 2334 342 2387 curn
363 2311 535 2408 deinceps
558 2313 784 2403 adverteret,
819 2313 997 2408 quosdam
1019 2309 1069 2386 ad
1128 2366 1130 2384 .
1189 2406 1191 2410 Ι

128 2408 194 2501 „se
211 2411 356 2494 venire,
382 2431 447 2506 pro
468 2410 543 2512 illis
567 2434 680 2509 pauca
702 2413 792 2495 sevit
809 2411 930 2498 olera,
955 2411 993 2488 dt
1014 2408 1082 2486 fe·-

128 2510 212 2600 „ris
235 2532 282 2585 ne
306 2508 459 2585 culturae
483 2524 682 2600 nocerent,
720 2511 820 2587 abire
841 2509 960 2609 ju‘ffis„
993 2509 1069 2587 iliae

124 2631 360 2705 „numquam
376 2608 423 2683 ad
443 2627 527 2684 eum
552 2609 675 2685 locum
689 2609 872 2687 accedere.
925 2610 1071 2687 Fratres
1162 2678 1163 2691 i

130 2730 248 2800 „vero
267 2708 329 2804 qui
347 2706 394 2783 ad
414 2706 520 2784 illum
541 2708 783 2791 accedebant.
808 2710 1009 2806 rogabant,
1027 2720 1089 2783 ut’
1165 2712 1167 2719 '
1197 2778 1204 2806 Ι

132 2806 311 2904 „singulis
326 2807 509 2884 mensibus
528 2806 655 2884 liceret
672 2805 737 2882 fibi
753 2806 893 2895 olivas,
918 2809 1073 2904 legumi-

132 2931 211 3000 „na
236 2907 274 2985 dr
298 2907 421 2984 oleum
447 2908 498 2983 ad
516 2907 631 3005 ipsum
649 2906 817 2996 deferre,
848 2930 934 2982 narn
963 2907 1072 2982 senex
1133 2995 1136 3003 Ι

132 3007 236 3108 „jam
252 3019 341 3082 erat.
396 3007 452 3082 Eo
467 3019 592 3083 autem
610 3007 648 3082 in
665 3006 748 3081 loco
764 3005 902 3102 degens
915 3004 1073 3102 gravilia·
1111 3088 1114 3094 ,

132 3129 244 3201 „mas
269 3107 403 3181 iterum
429 3130 570 3204 pugnas
600 3116 726 3183 centra
750 3105 972 3183 adversarios
997 3108 1073 3184 dae-

134 3229 293 3300 „anoues
317 3204 496 3294 sustinuit,
522 3205 584 3304 qui
599 3205 691 3282 nihil
709 3228 782 3282 non
797 3216 1004 3298 tentarunt,
1030 3221 1073 3293 ut

135 3330 212 3401 „ex
228 3326 351 3381 eremo
370 3304 474 3383 illum
489 3305 723 3400 abducerent,
736 3305 835 3406 quand
851 3304 995 3385 efficere
1009 3333 1075 3385 ne·

133 3407 369 3505 „quiverunt
435 3448 437 3453 ,
1008 3464 1009 3467 a

129 3680 132 3685 .
170 3628 172 3632 ·
215 3628 275 3681 ao.
303 3604 495 3700 „Rogatus
517 3601 713 3702 aliqnando
738 3632 762 3688 a
787 3605 1000 3690 monachis,
1029 3601 1212 3700 ntddonast

131 3701 393 3808 „aliquantum
419 3701 841 3904 temporiscsoe,4suaq„e
859 3682 1215 3900 ωοῃᾶξὲὲῗνιαυιήι
