2468 4358
198 330 205 341 .
329 240 538 348 &mones
564 260 615 345 ad
632 256 868 346 -Monachoc
968 264 1070 374 .69

131 450 282 541 „usque
305 444 379 520 effe
401 443 585 531 riduros,
626 442 665 520 dt
689 465 773 520 cum
802 443 1067 534 decumbimus,

133 567 236 637 „non
257 542 475 620 surreduros
490 543 724 629 arbitremur,
750 566 833 619 cum
852 543 926 618 vita
949 541 1068 619 nostia

133 645 302 738 „incerta
317 643 371 718 fit.
422 642 484 720 Sic
504 641 620 718 affesti
643 642 778 718 nullius
801 644 853 717 rei
870 643 1068 739 cupiditate

132 744 389 843 medebimur,
414 740 506 819 nulli
529 742 833 831 succensebimus,
860 764 977 838 neque
1002 740 1069 817 ali·

133 839 268 938 „cujus
281 843 334 916 rei
350 842 549 938 cupiditate
562 842 777 928 tenebimur,
787 839 927 917 nullum
943 863 1073 915 recon-

133 942 294 1034 ‚,demns
309 940 515 1023 thesaurum
534 939 570 1015 in
587 952 705 1027 terra,
728 964 795 1014 nec
809 939 973 1016 obscoena
993 937 1079 1016 ulla
1106 966 1128 1011 ·,

134 1041 251 1133 „volu
276 1053 353 1115 tate
379 1039 609 1126 tenebimur,
635 1039 771 1136 semper
784 1039 927 1134 gravior
943 1038 1078 1114 sormi·

132 1137 209 1232 „do
299 1140 528 1215 cruciatuum
544 1138 745 1238 periculum
767 1139 965 1237 voluptatis
989 1137 1068 1214 sua·

96 1262 101 1279 ¹
124 1292 128 1297 -
133 1250 280 1337 „tatem
296 1236 462 1315 diffolvit.

205 1461 245 1534 4.
272 1435 413 1524 „leuco
432 1433 510 1535 jam
530 1432 669 1531 ingreffi
685 1435 830 1510 vimutis
847 1436 945 1512 viam
964 1457 1071 1512 nemo
1084 1428 1124 1496 It·
1133 1426 1171 1530 fi
1183 1431 1234 1522 υτ(

133 1534 360 1628 „retrorsum
376 1547 671 1616 convertaturmt
684 1535 767 1609 Loti
784 1557 890 1621 uxor,
903 1559 989 1631 cum
1006 1559 1070 1634 po·
1083 1524 1155 1665 ξω*

133 1634 336 1729 „tiffimum
351 1633 531 1710 Dominus
549 1635 705 1709 dixerit!
727 1633 832 1708 Nemo
850 1637 978 1709 mitteris
1001 1661 1076 1710 mae
1095 1610 1207 1695 nm·

133 1760 240 1828 ,prum
248 1733 349 1832 suam
368 1735 416 1808 ad
431 1744 601 1819 aratrum,
626 1731 667 1808 u
680 1732 848 1831 respiciam
867 1746 954 1809 mro
976 1746 1074 1832 uptus

133 1836 203 1934 „rfl
219 1858 324 1932 regno
346 1833 507 1908 colorum.
525 1832 607 1908 Luc.
619 1858 652 1928 q.
696 1835 809 1908 Retro
826 1845 949 1908 autem
965 1832 1074 1931 respi-

128 1954 247 2025 „cere
263 1932 356 2008 nihil
372 1932 472 2009 aliud
488 1931 557 2018 est,
582 1954 692 2028 quam
711 1934 909 2029 poenitere,
932 1955 975 2006 ac
995 1955 1072 2021 tuq
1113 1986 1121 1995 .-

133 2033 241 2124 „sum
262 2032 440 2109 mundum
465 2031 596 2129 sapere.
637 2031 693 2104 Ne
717 2032 844 2106 timete
867 2032 913 2104 de
937 2033 1072 2106 virtute

87 2134 89 2227 ζ
131 2132 375 2224 „audientem
399 2133 586 2206 nonenim
603 2130 729 2226 procul
746 2132 850 2205 nobis
869 2129 931 2218 est,
952 2131 989 2206 in
1005 2155 1072 2207 no·

87 2266 89 2323 5
131 2231 220 2322 „bis
247 2229 330 2328 ipfis
353 2252 412 2305 res
436 2229 505 2316 est,
530 2230 568 2305 u
594 2230 795 2327 perfacilis,
822 2230 903 2304 sane
918 2227 943 2304 fi
960 2232 1071 2306 modo

133 2330 398 2421 „voluerimus
449 2329 566 2410 Craeci
592 2330 882 2426 peregrinantur,
906 2345 949 2403 ut
974 2332 1071 2407 litte·

134 2451 223 2520 „ras
246 2427 460 2504 addiscant:
508 2428 614 2503 nobis
656 2452 744 2504 vcro
784 2429 1070 2525 peregrinatione

136 2552 258 2625 „opus
279 2552 352 2601 non
370 2527 420 2603 est
437 2541 582 2626 propter
597 2550 749 2623 regnum
766 2527 960 2604 coelorum:
992 2527 1069 2626 jam
1194 2555 1202 2562 ·

135 2628 253 2723 „olim
268 2628 399 2724 quippe
416 2627 595 2703 Dominus
610 2628 721 2702 dixit:
758 2627 907 2726 Regnum
928 2626 996 2702 Dei
1019 2628 1072 2702 irr-
1139 2714 1142 2719 ,

136 2738 220 2821 ,ara
235 2751 293 2801 vos
307 2729 358 2825 esi.
377 2725 459 2802 Luc.
474 2752 530 2823 ¹7·
549 2751 579 2800 v.
594 2752 651 2801 21.
710 2726 834 2802 Virtus
859 2728 984 2824 itaque
1005 2742 1084 2802 no·'

110 2840 113 2851 '
136 2827 233 2918 „stra
254 2825 436 2901 duntaxat
451 2827 650 2901 voluntate·
665 2849 757 2922 opus
775 2824 905 2911 habet,
932 2849 1016 2901 cum
1031 2827 1071 2902 iu

134 2925 271 3019 ,nobis
293 2923 335 2999 fit
356 2923 394 3002 ὅ(
420 2923 609 3018 consistat3·
641 2923 812 3020 siquidem
843 2949 926 3000 cum
950 2926 1073 3001 anima

135 3037 295 3119 „natura
310 3022 371 3100 sua
386 3025 483 3102 bona
499 3024 592 3100 satia
612 3022 682 3107 est,
698 3025 947 3101 &admodum
964 3021 1070 3100 resta.

137 3124 406 3220 „Nequaquam
445 3121 604 3200 difficilis
634 3145 720 3219 ergo
765 3147 824 3199 res
856 3123 903 3197 est
936 3123 1070 3200 virtus:

136 3245 252 3316 „narn
267 3219 293 3296 sr
309 3234 416 3320 prout
431 3223 568 3299 conditi
588 3221 710 3298 sumus
731 3221 1012 3318 perseveremus,
1030 3223 1071 3300 in

134 3323 302 3414 „virtute
317 3321 451 3408 sumus,
461 3322 512 3398 fin
524 3322 632 3398 malis
640 3322 877 3400 adhibeamus
894 3322 1070 3412 animum,

136 3437 206 3516 „ut
224 3418 312 3497 mali
325 3420 577 3518 judicabimur·
877 3427 881 3441 Ι

215 3641 249 3714 5·
284 3615 395 3708 „HOC
411 3621 501 3696 item
518 3639 743 3717 pugnemuS,
768 3642 829 3719 uex
839 3616 1070 3716 tyrannidem
1087 3621 1193 3722 Varia

135 3719 206 3823 „in
218 3739 289 3798 ¹¹⁰⁸
307 3732 461 3823 ⁰⁰⁰¹¹P²t
477 3721 532 3802 11⁸
546 3717 893 3921 &coticupiscentiq
905 3715 1071 3895 undggfo
1085 3716 1222 3823 aarum·
