2468 4358
166 296 186 365 x·
252 289 335 374 ¹70
424 256 427 261 ’
581 259 620 347 S.
646 232 898 376 Atianufii

114 446 125 527 j
250 443 505 537 „mutilatione
517 444 701 541 integrum
718 468 854 543 corpus«
866 436 1181 536 servarenu‘cau.

189 618 193 629 ,
249 545 312 636 „sa
338 544 591 619 subduceretur
612 546 678 633 iis,
704 547 765 642 qui
784 545 978 620 Ecclefiam
999 547 1038 620 in
1060 562 1182 642 partes

249 647 426 736 „cupiunt
450 641 657 749 discindere.
715 644 764 719 Et
786 644 855 718 hoc
875 645 1020 741 quidem
1046 645 1095 719 ad
1117 666 1200 721 eut:

249 743 479 838 „responsum
502 742 632 829 velim,
664 743 726 838 qui
751 745 915 819 extranei
941 745 990 819 ab‘
1018 742 1176 823 Ecclefia

234 838 484 939 ,nujusmodi
500 841 798 934 tatiocinationes
816 854 1046 920 coacervant.
1102 910 1106 917 ,
1199 868 1224 929 ,·

50 1128 53 1135 ,
318 1045 353 1116 ὁ.
397 1039 530 1128 „Quod
564 1037 671 1133 siquis
698 1038 810 1114 etiam
842 1063 889 1113 ex
912 1039 1040 1116 nostris
1065 1037 1181 1141 studio

151 1204 153 1209 .
248 1137 433 1229 „discendi
453 1140 721 1234 pertundetur,
749 1140 813 1214 cu'r
840 1163 913 1214 non
939 1138 1038 1234 aliud
1058 1139 1205 1241 potius¹¹

124 1284 129 1295 ·
249 1259 387 1334 „quam
405 1259 547 1312 crucem
564 1236 728 1319 sustinere
745 1237 919 1313 voluerit:
946 1237 1087 1313 Audiat
1103 1236 1179 1327 ilie,

248 1337 376 1425 „nulla
393 1337 465 1410 alia
480 1338 619 1412 ratione
635 1335 672 1410 id
687 1337 793 1411 nobis
809 1338 899 1412 utile
914 1337 1080 1413 futurum
1095 1334 1178 1413 fuis·

248 1433 327 1531 „iet
352 1459 437 1510 nam
461 1433 487 1510 fi
512 1434 595 1510 ideo
628 1452 800 1524 venerat,
825 1450 867 1511 ut
891 1436 1008 1513 nostra
1037 1434 1178 1535 piacula

249 1535 596 1629 „execrationesque
616 1546 794 1630 portaret,
820 1537 1004 1630 quomodo
1025 1524 1100 1611 alia
1124 1542 1174 1611 iai
1208 1589 1224 1637 2

31 1654 33 1658 “
126 1688 128 1693 -
248 1634 375 1722 „tione
390 1634 570 1730 piaculum
586 1644 651 1708 aut
665 1635 848 1708 execratio
860 1635 990 1719 fuisset,
1014 1632 1080 1710 nist
1093 1656 1198 1709 exu'

247 1732 446 1822 „crabilem
465 1732 619 1807 ‘mortem
636 1734 675 1811 in
691 1731 727 1807 se
746 1732 950 1830 reciperet?
977 1732 1038 1809 Est
1052 1745 1170 1811 auten

247 1833 345 1920 „hoc
362 1831 475 1927 ipsum
485 1832 583 1906 Crux
601 1830 701 1908 Dent.
714 1858 771 1908 21.
792 1832 940 1908 Deinde
953 1833 991 1909 in
1007 1830 1082 1908 sola
1098 1854 1170 1909 cru·

109 1936 112 1943 '
247 1954 317 2019 „ce
346 1954 445 2008 mors
473 1928 628 2006 extensis
653 1932 822 2007 manibus
844 1931 1055 2023 toleratum,
1077 1931 1170 2032 iden

126 2070 138 2085 =
244 2052 344 2126 „que
357 2052 499 2128 quoque
521 2053 584 2126 par
603 2044 700 2119 erat,
725 2041 767 2106 ut
782 2032 960 2107 Dominus
976 2030 1047 2106 hoc
1065 2030 1168 2107 modo

244 2146 427 2219 „mortem
448 2127 651 2221 sustineret,
683 2152 885 2227 manusque
903 2129 982 2228 ejus
1002 2129 1177 2207 extende·-

246 2242 417 2316 ‚,rentur‚
452 2239 493 2303 ut
517 2227 586 2303 hac
614 2228 761 2326 quidem
768 2244 950 2325 ¹veterem
981 2227 1168 2327 populum,

246 2328 337 2419 „illa
358 2350 444 2402 vero
460 2327 615 2423 gentiles
637 2330 856 2417 attraheret,
882 2328 920 2404 dt
935 2328 1066 2413 ambos
1087 2328 1126 2403 in
1140 2325 1176 2402 se.

144 2480 147 2493 ,
245 2425 517 2523 „conjungeret
577 2425 641 2501 Uti
665 2426 737 2524 ipse
761 2427 872 2502 dixit:
915 2453 987 2502 cum
1010 2427 1179 2503 exaltatat·

162 2546 164 2551 '
244 2526 364 2622 ,fuero
384 2550 490 2599 omnes
509 2523 558 2597 ad
571 2550 620 2598 me
640 2524 792 2602 iraham·
806 2524 920 2630 {joans
931 2552 989 2602 20.
1026 2526 1076 2600 Et
1100 2546 1172 2625 rur-¹

244 2622 351 2723 „sust
392 2625 433 2700 Si
456 2624 635 2698 Dominus
658 2625 741 2700 ideo
763 2628 883 2710 venit,
924 2637 966 2707 ut
990 2623 1172 2701 diabolum-

243 2723 364 2813 „circa
393 2723 506 2799 imum
531 2745 653 2808 aerem
686 2739 878 2821 vagantem
911 2724 1168 2821 praecipitaret,

242 2822 462 2919 „aeremque
475 2822 697 2920 purificaret,
721 2836 764 2900 ut
780 2826 875 2899 viam
894 2825 941 2897 ad
960 2822 1179 2899 coelumne-1

243 2923 327 3012 „bis
351 2923 526 2998 muniret:
566 2936 722 3017 quanam
749 2923 819 2998 alia
840 2939 956 2997 morte
981 2920 1073 3001 istud
1096 2918 1170 2997 fieri

244 3033 430 3116 „potetat‚
457 3021 519 3094 nist
544 3045 588 3095 ea
613 3044 694 3116 quae
717 3023 753 3096 in
772 3045 854 3096 aere
879 3023 938 3098 seu
953 3030 1058 3097 cruce
1082 3020 1170 3097 tole·

244 3132 419 3211 „raretun
471 3119 579 3192 Rene
595 3121 705 3212 igitur
720 3121 959 3222 decenterque
978 3141 1079 3197 mors
1096 3118 1181 3220 eju.
1210 3148 1224 3163 ·

243 3217 310 3313 „iu
327 3241 431 3294 cruce
449 3218 589 3317 pertita
607 3218 687 3317 fuit.

59 3418 205 3508 Restm
312 3437 347 3517 7.
376 3413 584 3500 „Caeterum
608 3440 654 3490 ne
676 3415 724 3491 fic
748 3416 894 3515 quidem
920 3417 979 3494 vel
1004 3419 1042 3494 in
1065 3440 1169 3497 cruce
1222 3450 1224 3477 =

58 3508 115 3610 83'0
129 3506 216 3582 art-
241 3511 304 3603 „se
321 3512 509 3590 obscurum
523 3515 760 3612 ignotumque
776 3515 939 3612 reliquit,
962 3539 1081 3614 neque
1093 3514 1186 3620 coi-J

55 3592 104 3691 fit.
205 3633 338 3710 x„pus
373 3613 473 3689 suum
500 3616 538 3689 in
570 3638 613 3689 ea
636 3616 843 3691 conditione
866 3617 930 3692 diu
962 3616 1169 3715 permanete

225 3780 229 3794 .
241 3709 453 3823 ,‚sustinuit,
484 3713 545 3794 sed
571 3713 750 3796 duntaxat
778 3716 841 3794 ubi
862 3716 901 3795 id
923 3729 1111 3805 mortuum
1124 3736 1169 3795 ea

633 3850 635 3854 ⁴
675 3871 682 3886 s
771 3844 775 3854 '
1057 3838 1169 3925 „⁰⁰ss
