2468 4358
253 74 256 79 V
310 101 478 223 Epistola
499 100 573 196 IV.
591 105 649 192 'ud
670 88 932 229 Serapionem
966 76 1093 217 2363
1133 102 1137 119 “
1212 119 1214 131 ’

101 308 104 313 ’
143 297 245 385 ·3,tur
256 288 326 368 dcc.
353 310 437 390 quae
453 315 526 367 non
542 291 622 368 sunt
639 291 786 376 deitatis
804 283 958 387 propria.
995 284 1090 364 Haec

89 396 93 491 ζ
152 403 307 481 „autem
345 408 573 488 nequaquam
605 387 743 464 divium
776 386 868 464 sada
893 387 996 489 sunt,
1027 384 1088 462 sed
1169 397 1184 415 ²

89 507 99 563 τ’
150 488 398 586 „conjunttim
424 491 546 565 omnia
570 489 790 584 agebantur,
825 487 862 564 dc
891 509 985 563 unus
1008 500 1087 562 erat
1155 582 1161 591 Ι

136 587 376 678 ·„deinus,
396 591 458 684 qui
475 598 517 663 ea‘
534 588 744 663 mirabiliter
762 609 825 685 per
842 585 939 662 suam
954 583 1088 661 efficie-

147 688 245 777 ,‚bat
258 689 429 782 gratiam.
476 686 665 784 Ejusmodi
682 710 766 761 cum
784 685 825 784 stt
841 684 1086 773 Ecclesiastica

142 784 293 876 ·„fides,
314 787 380 861 ubi
397 786 545 882 quidam
565 788 725 860 humana
746 784 941 881 speuantee
956 784 1084 860 Domi·
1191 829 1193 832 -

146 907 266 976 „rrum
287 885 411 960 vident
432 885 610 961 fluentem
628 885 686 958 vel
702 885 921 980 patientem,
945 881 984 960 dt
1000 880 1083 961 Sal·

137 984 294 1074 ,natori
328 984 428 1059 velut
451 985 590 1061 homini
614 983 832 1071 obtrestant,
862 1004 1082 1081 magnopere

144 1083 322 1179 „quidem
365 1098 546 1180 peccant,
590 1082 730 1180 possunt
763 1095 886 1157 tamen
916 1082 1082 1158 celeriter
1173 1079 1179 1093 “

97 1183 112 1197 ‘
144 1181 427 1278 „poenitentiam
449 1181 590 1278 agendo
616 1183 760 1279 veniam
783 1180 969 1278 consequi,
994 1204 1079 1260 cum
1171 1195 1200 1267 ,J

143 1281 336 1372 „habeant
355 1302 420 1376 pro
440 1280 669 1356 excusatione
693 1280 979 1356 imbecillitatem
999 1300 1079 1356 cor·

143 1379 284 1478 „peria
331 1380 426 1456 Cum
450 1393 573 1460 autem
597 1379 717 1454 rursus
741 1380 889 1476 quidam
911 1379 1080 1458 divinita·
1186 1432 1191 1461 ι

135 1479 225 1568 „tis
242 1500 349 1575 opera
369 1478 653 1564 considerantes,
675 1479 919 1556 dubitaverint
938 1479 983 1553 de
999 1502 1080 1578 cor·
1112 1558 1120 1574 ,

97 1598 102 1607 ‘
129 1577 273 1676 *„p0ria
297 1589 448 1663 natura,
470 1576 533 1675 ipsi
556 1600 699 1674 quoque
724 1578 887 1657 maxime¹
907 1592 1077 1674 peccant:

139 1697 300 1768 „verum
324 1677 397 1752 illis
417 1679 506 1753 item
532 1677 606 1752 cito
631 1675 912 1773 resipiscentibus
933 1679 1079 1755 veniam

141 1775 332 1868 „Christus
349 1776 484 1852 donare
500 1774 633 1874 potest,
648 1774 760 1873 ¹quod
782 1775 819 1851 dt
841 1774 913 1871 ipsr·
928 1797 992 1872 pro
1013 1801 1078 1851 ex·
1110 1844 1113 1849 .
1227 1815 1230 1819 ·

141 1874 355 1968 „cusatione
367 1874 525 1951 habeant
540 1873 825 1972 magnitudinem
845 1897 995 1972 operum
1009 1877 1078 1950 ho-

140 1975 281 2067 „minis
301 1971 510 2090 potestatem
528 1975 793 2051 excedentium.
827 1973 964 2050 Verum
984 1968 1077 2071 poll·
1157 2060 1159 2064 p

140 2096 281 2170 „quam
303 2075 330 2149 ri
358 2075 419 2170 qui
439 2075 606 2150 videntur
618 2075 751 2150 habere
768 2073 859 2168 legis
876 2073 1073 2160 scientiam,
1191 2119 1211 2159 2,

139 2172 305 2270 „quales¹
319 2187 422 2255 erant
447 2173 637 2263 Pharisaei,
660 2171 759 2270 quod
781 2170 819 2247 in
851 2195 999 2270 corpore
1024 2173 1074 2265 est
1129 2267 1131 2272 Α
1204 2212 1215 2263 ς

137 2273 351 2364 ‚,Verbum,
377 2275 525 2349 omnino
546 2283 791 2370 negaverunt,
816 2285 880 2353 aut
904 2272 1073 2349 divinita·

136 2372 217 2464 „tis
235 2395 355 2470 npera
381 2373 527 2449 diabolo
552 2374 815 2458 attribuerunt,
845 2373 976 2448 merito
1004 2392 1071 2470 pro

136 2471 233 2563 „tali
248 2473 435 2571 impietate
450 2472 706 2570 indeprecabili
723 2469 804 2546 sunt
820 2468 991 2566 supplicio
1006 2471 1072 2547 ob·
1153 2537 1156 2543 .

134 2571 280 2662 „noxii
329 2574 371 2648 ln
397 2571 576 2669 ejusmodi
599 2571 709 2666 igitur
736 2569 961 2663 impietatem
987 2592 1071 2666 pro-

131 2668 252 2767 „lapfi
268 2683 370 2746 erant
384 2671 501 2771 Judaei
517 2667 759 2746 &interillos
776 2665 962 2743 Pharisaei:
987 2662 1070 2743 Sal·
1120 2746 1131 2757 x
1155 2672 1164 2703 ‘
1207 2682 1214 2692 “

133 2782 290 2860 „vature
308 2768 404 2845 enim
419 2767 593 2845 miracula
609 2776 787 2864 patrante,
799 2767 922 2843 turbae
932 2765 1070 2862 glorifi·
1129 2844 1134 2859 ,

132 2861 295 2959 „cabant
307 2868 440 2955 Deum,
456 2861 624 2944 Pharisaei
644 2883 730 2942 veru
750 2864 852 2962 ajunt
868 2865 1086 2943 Beelzebu·'
1119 2878 1121 2883 ’

132 2968 219 3057 „bis
246 2966 313 3042 elle
342 2967 521 3063 eiusmodi
547 2987 676 3064 opera,
702 2987 770 3039 nec
799 2964 1067 3056 erubescebant,
1155 3005 1172 3021 -·
1218 3047 1221 3050 ,

130 3066 230 3157 „Dei
253 3064 464 3163 potestatem
489 3067 527 3142 in
552 3064 738 3141 diabolum
755 3063 970 3157 transferre,
999 3089 1068 3141 un·
1202 3079 1204 3083 ‘

128 3164 298 3261 „dejure
315 3167 445 3240 merito
465 3160 634 3241 Salvator
655 3161 872 3249 declaravit,
886 3163 1069 3262 ‘blasphe-

135 3264 278 3357 „miam
305 3264 464 3361 proferre
492 3264 687 3352 homines,
721 3282 804 3358 quae
830 3286 897 3338 nec
923 3265 1089 3341 veniam
1148 3264 1151 3269 ’

131 3386 231 3455 „nec
240 3361 479 3439 'remissionem
496 3362 667 3448 haberet,
690 3360 729 3435 in
746 3361 848 3436 suum
872 3361 969 3436 enim
986 3363 1069 3460 Spi-

123 3464 269 3554 „ritum
284 3461 586 3560 blasphemabant
601 3461 763 3535 dicentes
782 3481 888 3546 cunr,
908 3457 970 3556 qui
986 3461 1069 3536 haec

128 3561 341 3656 „faciebat,
372 3586 447 3638 uon
470 3560 538 3637 esse
567 3561 688 3638 Deum
712 3557 773 3634 sed
796 3558 1066 3749 Beelzebugm.
1172 3654 1175 3659 Ι

942 3709 969 3749 aa
1002 3680 1070 3736 ω·
