2468 4358
254 246 389 375 1'4‘6'
486 372 489 377 Ι
567 259 611 350 S.
630 242 835 376 Athano'fii
960 258 966 283 '

253 446 394 540 abunt,
418 414 498 519 ium
522 443 569 519 ad
590 466 638 521 ea
664 464 747 542 quae
762 462 844 519 ‘non
868 442 961 533 sunt,
985 440 1059 519 iivc
1077 441 1191 539 mma,

256 565 366 646 „quae
386 544 578 623 hominum
592 540 1045 622 conmennaeffietasunt.
1187 598 1190 605 .
1223 590 1228 607 .

67 757 237 846 proprie·
324 766 359 837 3.
386 737 569 830 „Proinde
584 761 770 840 perperam
787 738 1015 815 ethnicorum
1038 736 1190 836 quiden

69 855 149 939 apia
169 862 236 911 mo·
255 837 510 930 „substantiam
521 836 589 913 effe
602 825 641 916 te
656 841 940 938 perseinrerum
958 851 1088 916 natura
1106 860 1190 914 con·
1210 846 1213 853 '

69 924 237 1043 ammo·
254 936 395 1030 „sistere
412 938 590 1022 malitiam
604 941 895 1037 pronuntiarunt,
915 937 1051 1035 duplici
1075 937 1191 1013 ratio.

27 1082 32 1103 .-
68 1042 142 1173 22⁹⁸
156 1036 216 1085 Μ
254 1061 328 1130 „ne
348 1061 370 1113 a
387 1060 472 1117 vero
488 1037 604 1126 devii,
622 1039 680 1115 vel
696 1039 779 1135 quia
794 1037 921 1114 mundi
939 1036 1109 1134 opificem
1124 1036 1183 1113 do·

51 1210 54 1219 ,
112 1115 193 1172 ’'m'‘
259 1136 457 1230 „fraudant
480 1136 662 1212 creatione
687 1159 808 1213 rerum
837 1136 1019 1222 omnium,
1043 1156 1131 1232 quae
1149 1134 1193 1219 iu.

256 1250 416 1328 „natura
443 1235 535 1324 sunt,
559 1237 749 1313 nonenim
773 1258 894 1312 rernm
919 1234 1101 1310 Dominus
1126 1234 1222 1309 har·

251 1335 354 1427 „beri
397 1334 495 1422 otiet,
511 1332 537 1409 ii
552 1334 693 1411 malitia
709 1358 793 1413 vera
811 1332 957 1409 eiientia
972 1332 1197 1409 subsisteret?

248 1434 336 1526 „vei
359 1357 395 1506 lp
410 1433 513 1510 illum
533 1434 696 1510 omnium
713 1435 939 1511 conditorem
955 1433 1111 1519 volunt,
1125 1432 1188 1513 ue&

246 1532 421 1626 „cetiaria
442 1555 586 1631 quoque
615 1533 774 1623 dabunt,
811 1534 923 1609 etiam
946 1532 1034 1607 mali
1057 1536 1197 1629 utpote·

246 1634 328 1725 „rei
356 1645 488 1727 creatae
509 1631 734 1711 conditorem
758 1632 835 1707 eise.
896 1630 1071 1724 Haeretici
1098 1650 1186 1707 vero:

246 1730 313 1823 „&
329 1730 391 1828 ipsr
414 1753 557 1829 quoque
583 1752 647 1830 per
666 1730 833 1808 delirium
854 1753 977 1807 veram
999 1730 1184 1809 essentiam.
1222 1760 1228 1791 ι

244 1830 425 1922 „malitiae
446 1830 669 1918 attribuunt,
694 1832 890 1908 commenti
905 1841 1037 1937 praetep
1054 1838 1180 1915 verum

195 2004 198 2009 .
245 1927 403 2022 „Christi
418 1929 563 2006 Patrem
578 1928 691 2006 alium
707 1930 774 2005 effe
788 1930 926 2015 Deum,
951 1951 1109 2026 eumque
1128 1929 1185 2005 ius

245 2029 437 2125 „genitum
458 2029 546 2105 mali
574 2030 823 2113 conditorem,
850 2027 1053 2104 &naturae
1079 2026 1180 2123 opin-
1216 2074 1228 2095 ·

244 2151 354 2220 „cem
367 2128 446 2204 eise.
496 2128 578 2202 Hoc
598 2128 745 2224 quidem
768 2127 900 2224 aliquis
920 2125 1028 2202 facile
1041 2125 1184 2205 refuta·-

245 2226 334 2319 „rit‚
353 2240 433 2301 tum
453 2226 579 2302 exseri
605 2228 719 2316 turis,
736 2239 814 2304 tum
834 2250 881 2300 ex
901 2228 1182 2321 cogitaminum.

245 2326 324 2418 „tis
341 2326 522 2401 humanae.
574 2250 859 2401 geminusenim
875 2324 913 2401 &
926 2326 1100 2402 Servator
1113 2350 1184 2401 noa

243 2422 450 2523 „sterJesun¹
464 2424 625 2501 Christus
645 2425 684 2501 in
701 2425 772 2500 suis
787 2425 996 2521 Evangeliis
1013 2427 1080 2516 ait,
1104 2422 1178 2504 Do·
1198 2430 1202 2487 ἱ

243 2524 411 2616 „minum
438 2546 483 2599 ac
508 2522 627 2599 Deum
651 2547 764 2599 unum
793 2523 872 2599 eise.
922 2523 1054 2611 Quodfi
1083 2530 1181 2601 unus

243 2621 374 2713 „Deus
393 2621 464 2711 eii,
489 2624 552 2720 qui
576 2623 655 2700 fieri
673 2621 808 2720 potest,
839 2635 883 2700 ut
904 2622 998 2699 alius
1020 2622 1063 2698 fit
1086 2638 1205 2722 prae-⁴

243 2735 327 2812 „ter
342 2720 468 2818 ipsum.
520 2721 591 2799 Ubi
612 2723 683 2799 erit
697 2723 844 2799 iliorum
862 2722 976 2811 Deua,
995 2744 1081 2799 cum
1097 2744 1192 2799 om.

241 2821 330 2912 „nia
341 2843 438 2897 unus
458 2820 496 2897 ὅ(
515 2821 742 2898 verus-Deus
758 2819 975 2920 adimpleat,
996 2842 1080 2976 rpuae
1092 2820 1181 2905 coeli

242 2934 447 3023 „terraeque
478 2920 618 2998 ambitu
647 2921 1022 3019 comprehenduntur.
1096 2921 1176 2998 Aut

88 3074 90 3079 ,
243 3041 428 3116 „quanam
448 3023 588 3095 ratione
604 3019 699 3095 alius
718 3020 762 3096 su
782 3020 948 3096 conditor
971 3043 1097 3101 earum
1119 3024 1176 3097 r'e·
1195 3022 1228 3129 ,ξι

155 3168 158 3173 -
239 3141 362 3209 „rum
386 3141 540 3215 quarum
555 3118 628 3215 ipse
642 3117 743 3193 Deus
760 3117 798 3194 &
814 3119 923 3195 Pater
942 3119 1072 3196 Christi
1088 3144 1178 3199 con·

241 3219 364 3306 „ditor
380 3214 457 3294 est?
482 3215 546 3291 nist
564 3217 698 3294 scilicet
711 3230 753 3294 ut
766 3219 804 3294 in
818 3218 1018 3318 aequilibrio
1034 3219 1178 3299 malum
1224 3220 1228 3226 ’

241 3316 387 3406 „Deum
410 3317 566 3391 invicem
599 3338 743 3416 quoque
770 3317 855 3394 boni
884 3318 953 3393 Dei
983 3318 1177 3399 dominum

103 3486 105 3491 .
240 3416 335 3506 „effe
351 3414 446 3512 potse
460 3412 650 3494 affirment.
700 3416 775 3503 Sed
791 3418 862 3493 hoc
878 3418 988 3492 modo
1003 3419 1040 3493 in
1058 3441 1177 3516 quan·
1189 3344 1228 3525 Ε

60 3514 78 3557 -’
241 3532 345 3604 „tam
377 3513 600 3612 impietatem
633 3516 905 3613 prolabuntur?
956 3517 1051 3593 inter
1086 3518 1176 3611 ilion
1191 3546 1213 3595 .·

241 3614 394 3704 3,enim,
436 3615 498 3710 qui
523 3635 627 3712 pares
658 3614 738 3691 sunt
767 3616 903 3691 viribus
928 3614 1195 3714 potentiorem

239 3736 341 3808 „non
361 3713 545 3793 inveniet:
582 3714 678 3791 Hinc
695 3713 719 3792 st
737 3716 936 3808 concedas,
958 3732 999 3791 ut
1020 3716 1193 3801 nolent·¹

1051 3817 1170 3907 ,Νη
1202 3866 1205 3899 ἰ
