2468 4358
188 200 872 319 denor.hm.oocrbooffmnprc.'
909 230 994 318 175

58 391 175 481 „bum
193 412 326 488 corpus
340 390 480 477 induit,
503 401 548 466 ut
563 402 722 466 mortem
741 390 792 466 ibi
807 389 995 475 inventum

58 489 261 579 ,aboleret
309 488 444 577 Quodli
455 487 539 571 Iolo
555 504 737 588 praecepto
753 512 855 563 mors
879 514 995 564 acor·

60 610 175 687 „pore
203 589 352 687 depulsa
382 586 521 676 snitu,-
566 587 684 663 nihilo
715 604 840 663 tamen
871 592 995 664 minus
1070 664 1085 671 ,

60 688 243 779 „mortale
257 687 296 764 ot
311 688 543 786 corruptibile
558 711 624 784 pro
639 689 781 762 ratione
800 688 873 763 suae
888 708 995 764 natu·

61 810 136 877 „rae
162 786 404 875 remaoltliet,
440 787 502 861 led
539 813 585 861 ne
611 788 682 861 hoc
709 785 837 872 lieret,
874 790 994 865 induit

62 909 219 984 „corpus
231 887 492 982 incorporalem
507 887 576 961 Dei
590 886 850 983 omnipotentis
864 888 993 963 Ratio·

10 1004 13 1011 '
63 1010 194 1075 „nem,
211 985 413 1083 nequejam
431 987 517 1061 inde
531 987 801 1082 corruptionem
814 1001 881 1061 aut
897 1010 993 1062 mor·

65 1090 164 1173 „t'em
186 1085 428 1173 exhorrescit,
456 1111 542 1162 cum
564 1085 697 1160 habeat
716 1087 831 1160 vitam
855 1109 921 1183 pro
938 1087 994 1162 in·

10 1202 26 1271 5
66 1187 287 1274 „dumento‚
311 1183 351 1260 ἂ
365 1205 429 1282 per
444 1186 484 1260 id
498 1185 766 1282 corruptionem
785 1186 992 1265 amoliatur.

135 1408 194 1459 12.
227 1381 341 1458 Porro
365 1380 477 1457 Verbi
501 1380 729 1457 divinitatem
758 1404 868 1478 opera
890 1383 992 1481 ejus,
1004 1401 1164 1475 Dim

13 1498 26 1545 -·
64 1480 122 1571 p&
140 1482 305 1578 potentin
324 1483 473 1577 probat.
505 1482 651 1575 qualem
675 1481 814 1556 nullam
830 1482 868 1556 in
882 1497 993 1559 caete·
1006 1487 1111 1559 Verbi.

10 1618 14 1664 :
65 1582 136 1667 „ris
156 1581 366 1656 hominibus
390 1578 548 1657 videbis:
571 1577 714 1657 lienim
732 1581 780 1655 ad
805 1582 994 1658 daemones

10 1694 29 1764 ’,ἶ
64 1694 126 1768 „te
143 1694 285 1763 vertas,
309 1683 450 1755 intuere
465 1703 572 1757 eum.
594 1682 657 1774 qui
673 1680 757 1754 illos
771 1680 932 1779 expulit,
957 1683 997 1760 ἀ
1110 1728 1117 1764 r

17 1791 24 1803 “
61 1803 175 1869 „eum
191 1779 347 1876 ipsorum
358 1779 554 1854 Dominum
564 1777 762 1874 judicabis,
780 1783 866 1876 quin
884 1784 997 1860 etium

16 1888 28 1905 ⁴
59 1879 328 1974 „undecunque
346 1877 602 1953 circumclusus
626 1879 738 1952 homo
760 1879 797 1953 in
815 1880 931 1968 coelo,
955 1884 995 1959 in

58 1977 251 2069 „inferum
283 1981 322 2051 in
345 1978 518 2062 bomine,
558 1978 740 2066 interra,
774 1979 994 2075 explicatam

55 2077 197 2169 „Verbi
217 2076 445 2152 divinitatem
469 2078 617 2151 intuens
640 2076 738 2150 hunc
761 2076 877 2152 solum
900 2080 991 2175 atlo-

55 2189 164 2269 „rat‚
212 2174 252 2252 δι
282 2199 346 2273 per
385 2199 470 2250 eom
508 2177 577 2250 rite
616 2176 762 2250 Patrem
806 2177 991 2274 intelligit.

54 2268 219 2369 „Quodsi
241 2275 309 2350 has
328 2275 488 2361 rationes
504 2275 640 2350 ethnici
660 2276 825 2350 nondum
840 2276 992 2356 idoneas
1140 2316 1144 2321 ·

54 2374 322 2475 ,molentun
348 2373 473 2450 saltem
490 2376 619 2461 exiis,
645 2395 729 2471 quae
743 2373 860 2450 oculis
880 2377 994 2475 subje-

56 2472 142 2566 „aa
157 2473 258 2562 sunt,
284 2472 396 2549 fidem
409 2473 593 2568 colligant.
639 2474 793 2562 Quando
810 2473 994 2558 idolorum

54 2573 323 2666 „coeremonias
337 2587 523 2669 coeperunt
545 2573 719 2670 abjicere,
749 2576 896 2651 oracula
911 2603 993 2653 ces·

47 2670 282 2765 ·„lnvemnt,-
297 2671 492 2749 Poetarum
516 2671 568 2746 dii
593 2695 658 2768 pro
684 2674 899 2750 mortalibus
926 2677 991 2752 ha·

54 2771 189 2865 „beri,
220 2771 431 2847 daemonum
453 2770 556 2847 naus
579 2785 788 2869 contempta
803 2774 896 2861 fuit,
931 2799 993 2850 ors

54 2871 227 2966 „magica
258 2869 458 2947 &scholae
492 2869 749 2966 praestigiarum
780 2874 994 2969 inceperunt

10 3052 13 3065 ‚
54 2967 304 3062 „sordescere.
344 2970 572 3045 ethnicorum
612 2970 782 3066 sapientia
813 2971 994 3050 infatuata

10 3150 12 3157 ,
55 3069 155 3161 „eli,
177 3066 241 3144 nili
257 3068 403 3166 quando
419 3090 544 3142 verum
555 3066 717 3144 Verbum
733 3069 803 3146 Dei
818 3074 913 3147 inter
928 3073 995 3147 ho·
1121 3070 1125 3077 ’

10 3170 12 3175 ’
56 3169 202 3260 „mines
228 3169 406 3266 apparuit.
458 3166 508 3240 Et
529 3167 627 3261 quod
652 3168 817 3263 inprimis
837 3172 994 3248 admira-

56 3267 158 3358 „bile
174 3265 244 3356 eli,
275 3290 360 3344 cum
385 3263 472 3340 olim
498 3264 635 3360 lingula·
655 3268 756 3346 idola
777 3270 859 3346 suos
883 3273 994 3346 hobe-

56 3378 166 3457 „rent
187 3365 389 3464 peculiares
404 3364 635 3451 adoratores.
662 3395 758 3446 nunc
777 3369 871 3444 solus
889 3373 994 3446 Chri·

56 3467 157 3556 „stus
167 3464 277 3563 *apud
294 3487 422 3540 omnes
448 3485 545 3541 unus
560 3460 599 3544 u
615 3469 713 3545 idem
729 3466 922 3556 adoratur,
956 3469 994 3547 δι
1140 3466 1145 3471 ’

56 3565 183 3758 'llll
205 3561 995 3763 i⁰t3l³¹lfil¹p⁰lultlzt¹ltzerr
1103 3566 1119 3603 ⁵

55 3715 69 3755 i
181 3717 194 3759 e
772 3722 785 3762 2
978 3707 996 3727 ⁶
1029 3708 1035 3715 '

72 3832 75 3837 .
211 3826 214 3834 .
247 3802 252 3811 =
648 3826 652 3831 .
894 3764 996 3859 „stuc
