2468 4358
172 238 177 257 “
221 228 369 321 Tamus
396 158 736 353 oririmiocier‘ror.
855 253 984 367 395.

113 413 235 493 iulium
251 416 349 493 ultra
366 416 413 493 de
430 416 502 494 fide
526 416 695 495 ederetur
716 415 940 517 rescriptum,

113 512 289 592 sufficeret
302 516 394 592 flue<
409 540 434 596 a
447 518 616 595 Patribus
627 517 766 595 Nm
779 516 942 616 promul·

113 638 141 692 r:
165 616 262 691 unde
276 613 385 715 liquis
399 617 500 695 aliud
517 631 706 717 proponat,
725 618 942 717 compescite

113 715 227 806 unes,
250 727 361 813 atque
375 717 423 793 ad
438 716 593 793 studium
607 719 707 814 pacis
720 717 940 793 hortamini:

113 814 950 1012 :titiiffltiittaitittirz
1007 830 1015 841 ’

113 1033 146 1087 ra
167 1014 493 1107 nonhabeantur,
518 1016 556 1093 &
579 1017 665 1093 hinc
688 1015 854 1113 suspeiiae
874 1013 944 1089 effe

113 1110 202 1204 iant,
235 1114 465 1209 rogavimus,
490 1127 535 1191 ut
558 1115 649 1195 nihil
672 1128 803 1212 praeter
822 1111 945 1190 Nicae-

113 1210 393 1289 uconfeffionem
409 1217 603 1312 inquirant.
646 1214 732 1290 Illos
751 1227 874 1291 tamen
889 1212 946 1287 in·
1081 1281 1084 1288 ,
1138 1278 1142 1297 ,

113 1310 307 1407 ’ogavimus
318 1367 339 1428 ,ι
351 1336 400 1430 nn
418 1316 473 1390 uti
489 1314 617 1390 Ariani
635 1312 839 1428 hypostases
861 1309 949 1419 illac

113 1409 190 1488 usae
218 1435 242 1488 a
268 1408 484 1489 seinvicem
510 1413 734 1502 substantia,
757 1414 795 1488 &
817 1433 948 1487 unam·

113 1532 223 1608 mque
246 1509 447 1610 hypostasin
476 1511 669 1588 secundum
696 1511 731 1587 se
757 1511 805 1587 ab
831 1509 950 1601 altera
1004 1586 1008 1591 .
1085 1522 1095 1547 ¹
1200 1581 1208 1603 .

113 1608 210 1700 Tam,
244 1609 299 1683 uti
325 1610 406 1686 sunt
430 1610 512 1687 aliae
524 1598 735 1697 'creaturae,
767 1608 828 1684 vel
851 1604 950 1705 quafi

113 1707 201 1786 ursas
225 1706 434 1784 substantias
465 1711 655 1785 dicerent:
692 1733 740 1784 an
768 1707 858 1784 ficut
886 1699 949 1782 aiii

113 1808 207 1883 retici
220 1819 295 1880 tres
313 1808 403 1884 deos
416 1807 483 1884 effe
499 1809 638 1896 dicunt,
654 1809 782 1884 eadem
794 1805 858 1905 ipfi
871 1804 949 1880 sen·

113 1904 162 1983 tia
176 1903 416 1994 affirmarent,
442 1921 518 1982 tres
537 1908 605 1983 effe
617 1904 840 2005 hypostases.
896 1903 951 1984 At

114 2004 153 2080 se
167 2027 365 2101 numquam
383 2006 436 2082 ita
450 2004 583 2082 senfiffe
601 2006 793 2093 dicebant,
808 2002 869 2079 sed
892 2024 951 2079 re·

113 2102 276 2189 nderunt‚
293 2106 332 2180 in
349 2104 504 2181 santiam
520 2105 735 2183 Trinitatem
753 2104 950 2191 credimus,

113 2202 398 2279 nuomine'tenus
417 2206 651 2294 Trinitatem,
676 2205 736 2279 sed
759 2224 843 2301 quae
866 2223 951 2287 vere

113 2300 142 2379 it
160 2300 335 2390 subfistat,
352 2304 523 2379 nimirum
537 2304 683 2379 Patrem
701 2326 785 2379 vere
800 2301 953 2379 existen·
996 2338 1002 2345 ’

113 2425 124 2477 ι
148 2400 186 2477 &
207 2401 468 2489 subfistentem,
492 2403 627 2479 Filium
653 2405 741 2479 it'em
767 2423 853 2478 vere
873 2399 955 2481 sub·

113 2499 248 2583 itialem
264 2525 307 2576 ac
323 2499 582 2589 subsistentem,
599 2501 776 2601 Spiritum
796 2497 955 2575 sanctum
984 2556 988 2567 ,
1108 2532 1111 2551 ¹

113 2586 288 2675 [istentem
309 2598 347 2675 rit
371 2600 581 2677 existentem
602 2600 841 2696 agnoscimus.
892 2598 955 2677 Sic¹
1028 2613 1066 2693 ¹,

113 2711 194 2773 rant
231 2695 266 2773 se
307 2698 462 2775 santiam
493 2699 711 2777 Trinitatem
750 2696 956 2795 agnoscere,
1084 2718 1087 2725 ·

113 2820 161 2873 un
182 2808 315 2909 ¹tamen
348 2797 554 2886 Deitatem,
592 2822 636 2873 ac
669 2796 784 2873 unum
823 2796 955 2892 princi·

113 2919 172 2982 rn,
195 2920 239 2970 ac
250 2895 382 2972 Filium
397 2898 542 2995 quidem
559 2897 660 2973 Patri
675 2895 956 2973 consubstantia-

113 3019 147 3083 ι,
163 2993 334 3071 Santtum
353 3014 439 3070 vero
455 2997 632 3092 Spiritum
647 3020 720 3072 non
736 3006 955 3082 creaturam,
994 3012 999 3019 “
1069 2992 1077 3011 “

113 3116 169 3190 que
182 3093 342 3172 alienum
363 3094 423 3170 fed
445 3095 649 3194 proprium,
675 3095 713 3172 δι
729 3118 752 3171 a
766 3092 959 3172 substantia

113 3190 192 3271 ii&
208 3192 326 3267 Patris
341 3192 542 3271 indivisum.
601 3194 677 3273 Eos
703 3216 847 3291 quoque
871 3214 959 3267 exa·

113 3292 292 3379 ravimus,
313 3316 402 3369 num
418 3294 515 3390 quod
528 3317 642 3370 unam
657 3293 829 3385 dicerent=
841 3291 961 3390 hypo·

113 3388 215 3469 inin
240 3388 340 3465 sensu
360 3391 509 3467 Sabellii
532 3393 687 3482 Filium,
712 3392 960 3487 spiritumque

113 3486 316 3592 &umquee
332 3491 453 3566 medio
469 3491 652 3582 tollerent,
671 3491 860 3568 anFilium
878 3489 960 3565 sub·

113 3588 208 3676 itia,
237 3588 484 3688 spiritumque
516 3590 672 3667 santium
696 3587 871 3686 hypostafi
898 3612 961 3665 ca«

113 3686 403 3773 eexsstinarent.
458 3691 531 3789 Qui
550 3691 641 3771 item
655 3685 900 3773 affirmarunt,
926 3686 963 3760 so

827 3808 963 3880 „num⁴
