2468 4358
223 267 440 401 'Apologia
464 289 602 365 renuo
629 271 818 362 Arianos.
866 220 870 225 -
904 299 996 390 αις)

57 462 213 543 „retum
231 453 371 554 scriptis
399 469 521 534 autem
541 458 699 557 'speciem
722 457 885 555 rogantis
901 482 996 558 prae·

10 632 27 651 r
56 552 243 646 „seferret
260 557 421 633 *Verum
430 560 493 634 ubi
509 558 563 633 illi
579 556 781 655 responsum
799 559 897 648 esset,
918 560 995 636 hae·

55 652 206 745 ,nereos
228 656 436 732 inventores
452 659 646 732 damnatos
665 662 710 734 ab
726 658 878 734 universi
898 661 996 734 orbis

18 806 26 813 -
57 752 252 847 ,canobo
275 757 426 831 minime
450 760 676 853 recipiendos
702 760 789 846 esse,
815 759 996 833 Caesarem

57 853 206 944 ,beata
216 857 403 932 memoriae
411 855 684 932 Constantinum
701 859 853 943 inducit,
868 876 910 932 ut
927 858 997 932 mi·

58 953 122 1044 „hi
148 978 235 1028 cum
256 956 365 1029 minis
393 955 582 1039 scriberet,
607 973 648 1030 ut
666 957 729 1030 nisr
750 956 879 1029 Arium
905 957 996 1031 reci·
1129 1034 1137 1045 ,

58 1073 227 1150 „perem,
243 1055 406 1129 mitteret
421 1056 691 1135 continuorum
709 1056 782 1131 suis
796 1058 994 1147 mandatiS,

59 1152 147 1249 „qui
159 1176 223 1228 me
241 1155 484 1253 deponerent,
508 1154 548 1240 dr
571 1158 610 1240 iu
636 1158 750 1238 alium
780 1155 903 1235 locum
931 1156 996 1231 de·

60 1264 283 1357 „Pomtinio
866 1296 870 1301 ”
954 1293 957 1297 ’

130 1472 191 1545 25·
217 1449 316 1537 „Hic
330 1473 414 1526 cum
431 1474 500 1548 ego
511 1452 642 1529 Caesari
653 1450 990 1548 persuasissemmul·
1002 1455 1149 1529 Artana-

60 1545 158 1636 ·„lam
176 1549 245 1622 esse
264 1551 395 1624 debere
412 1552 580 1631 Ecclesrae
596 1554 795 1627 Catholiaae
814 1575 898 1627 cum
917 1543 1083 1628 hae-fiffi'
1102 1563 1125 1610 ⁰

59 1645 148 1736 „reli
164 1647 294 1730 Christi
311 1653 569 1747 oppugnatrice
586 1652 891 1735 communionem,
903 1669 990 1726 tunc
1007 1627 1148 1726 “indi'‘

10 1779 13 1794 ·
58 1760 230 1842 „tenpus
248 1749 426 1829 obvenisse
441 1751 637 1827 arbitratus
655 1752 829 1825 Eusebius
848 1752 988 1824 litteras
1004 1722 1136 1861 “0232ss
1206 1822 1209 1826 ,

10 1890 17 1911 ι
56 1846 128 1934 ,ad
148 1847 370 1931 Meletianos
388 1847 525 1937 scribit,
550 1864 592 1930 ut
611 1849 743 1924 scelera
760 1874 802 1922 ea
823 1850 868 1922 de
884 1851 988 1923 nobis
999 1818 1129 1949 imai,

10 1959 18 2010 τ
58 1944 263 2041 „lingerent
281 1945 320 2022 δι
344 1946 570 2043 spargerent,
596 1949 727 2043 quibus
759 1949 795 2021 se
818 1947 988 2026 adversus
1002 1973 1067 2036 ew.
1196 2020 1205 2030 ,

54 2043 245 2133 „Petrum
272 2045 480 2134 Achillam,
504 2046 812 2128 &Alexandrum
835 2068 993 2120 exacuo

54 2157 176 2234 „rant
223 2145 298 2225 Sed
309 2169 393 2228 cum
409 2147 565 2243 plurima
582 2147 811 2242 captantibus
828 2146 919 2220 nihil
934 2166 995 2219 re·

54 2245 283 2341 „periretur,
317 2269 364 2318 ex
395 2244 570 2325 sententia
604 2244 885 2327 Eusebianorum
916 2243 994 2320 tale
1140 2256 1151 2323 J

35 2400 38 2405 -
55 2343 220 2434 „crimen
234 2366 298 2449 per
308 2344 472 2433 lironem,
484 2345 761 2431 Eudaemonem,
784 2345 821 2421 dr
838 2341 993 2420 Callini-

54 2464 168 2534 „oum
182 2442 228 2516 de
245 2445 437 2525 ordinariis
454 2445 576 2527 linteis
597 2445 862 2530 mentiuntur,
888 2441 990 2540 quast

10 2556 34 2641 ἰΙ
53 2564 151 2638 „ego
172 2564 349 2625 canonem
372 2543 471 2623 hunc
495 2545 623 2627 tributi
639 2544 823 2641 AEgyptiis
840 2542 993 2617 induce·

10 2653 16 2701 l
53 2662 186 2733 „rem
212 2641 403 2740 &primus
421 2643 585 2725 omnium
605 2642 799 2739 exigerem.
850 2642 924 2716 Sed
949 2639 989 2715 id
1151 2677 1158 2690 ·

10 2752 12 2798 ἰ
51 2739 208 2833 „frustra
230 2740 317 2824 fuit:
352 2743 562 2848 Presbyteri
588 2743 685 2817 enim
708 2741 814 2819 nostri
832 2738 924 2837 Apis
949 2740 990 2816 dr
1120 2751 1131 2769 ⁶
1189 2748 1193 2755 '

51 2839 286 2933 „Maeuium
317 2843 379 2943 qui
402 2842 454 2924 ibi
487 2841 583 2923 forte
606 2839 800 2938 praesentes
823 2839 988 2929 aderant,
1197 2890 1200 2897 ·

51 2961 148 3032 „eos
173 2940 344 3023 audiente
368 2941 589 3038 Imperatore
612 2941 658 3015 de
683 2940 866 3016 calumnia
890 2939 990 3013 viee·

15 3116 21 3123 ,
52 3051 179 3130 „runt
229 3040 429 3137 Imperator
453 3054 577 3116 autem
600 3041 772 3114 damnato
790 3037 903 3113 Istone
925 3059 987 3114 me

10 3206 12 3241 Ι
51 3139 177 3232 „datis
201 3137 332 3214 litteris
354 3139 458 3215 adse
482 3138 646 3220 accerfit:
679 3161 720 3212 re
738 3160 824 3214 vero
842 3138 988 3233 cognita

44 3238 258 3331 „Eusebius
273 3240 319 3315 iis
335 3240 468 3319 author
483 3239 552 3323 est,
576 3263 622 3314 ne
644 3237 728 3312 loco
751 3238 785 3311 se
802 3248 985 3316 moveant.

43 3339 142 3429 „Ex
166 3337 245 3435 ejus
260 3339 411 3434 proinde
430 3338 576 3415 confilio
593 3360 670 3411 rem
689 3338 787 3433 apud
809 3333 989 3415 caesarem
1012 3412 1017 3423 ,
1092 3424 1097 3430 ,

51 3437 187 3528 „novis
208 3438 418 3514 criminibus
435 3450 599 3522 tentant,
632 3437 839 3517 accusantes
864 3434 989 3516 Maca·

50 3539 176 3628 „rium
201 3539 248 3616 de
273 3537 411 3611 calice:
460 3537 551 3613 mihi
581 3547 704 3612 autem
735 3559 809 3615 nnn
834 3534 990 3631 quodvis

50 3638 232 3729 „crimem
256 3635 314 3715 sed
333 3635 431 3731 quod
448 3635 649 3719 maximum
669 3636 832 3714 omniurn
855 3631 904 3711 est
921 3632 991 3709 im·

50 3737 263 3843 „posuere‚.
281 3735 379 3842 quali
393 3735 502 3810 hostis
522 3733 753 3835 imperaturis
780 3751 990 3843 crumenam
1218 3836 1222 3845 ἱ

885 3848 991 3922 ”aun
1088 3908 1100 3928 ,
1223 3857 1225 3864 ⁴
