2468 4358
271 290 277 299 .
435 253 527 341 Vna
547 255 598 359 S.
619 252 799 344 Antonii.
906 224 1083 371 ‚¹409
1118 180 1141 227 χ’

139 435 246 538 „ipse
262 437 492 544 loquebatur,
505 460 588 537 quae
603 426 803 517 orationem
820 461 913 515 vero
924 441 1083 543 spedant

113 576 115 580 ·
141 536 258 637 „ipsis
279 537 461 628 cedebat·
495 539 626 634 Neque
640 540 832 615 verebatur
847 539 919 636 ipse
934 545 979 614 ab
995 543 1083 616 aliis

120 636 346 729 .„eoiscere:
371 637 532 734 Eratque
557 637 698 736 prorsus
721 641 926 739 admirabili
951 640 1022 716 fide
1039 641 1081 718 do

141 739 335 833 „pietate
369 734 465 812 Cum
483 737 691 814 Meletianis
713 740 857 836 quippe,
879 739 1080 816 schismati·
1176 786 1178 795 ·

141 839 223 926 „cis
239 854 440 932 numquam
455 836 759 921 communicavit,
777 860 943 912 neccum
961 840 1080 915 Mani-

127 935 476 1032 ·„cnaeioumquam
501 948 568 1011 aut
586 935 670 1011 aliis
690 936 911 1035 quibuslibet
934 938 1079 1015 haereti·
1137 1010 1149 1024 ,

141 1035 357 1124 ,ξσῡειωίεο
376 1034 581 1111 collocutus
596 1035 674 1125 eit,
691 1034 756 1112 niti
774 1051 817 1112 ut
833 1049 979 1115 mutata
1001 1039 1079 1114 sen·

139 1134 395 1231 „tentiapiam
408 1133 622 1210 feriarentur
637 1135 766 1239 fidem:
794 1135 962 1212 boetiam
971 1136 1079 1214 Aria·
1154 1130 1156 1135 ’

139 1252 301 1323 ,murum
317 1231 466 1308 hoerefin
483 1235 734 1324 execrabatur,
754 1216 997 1332 omnibusqul
1012 1259 1080 1312 au·

138 1345 230 1425 „tor
244 1345 342 1419 crat,
363 1345 407 1409 ut
436 1354 503 1407 nec
528 1332 576 1408 ad
602 1357 667 1408 eos
690 1335 925 1422 accederent,
950 1334 989 1410 di
1013 1337 1077 1413 ad·
1185 1410 1188 1414 .

137 1446 297 1525 „euntes
320 1430 515 1528 aliquando
533 1430 580 1506 ad
601 1431 681 1508 see
705 1448 831 1509 monte
854 1435 1006 1530 repulit:
1038 1434 1077 1512 &

137 1529 481 1629 „cum-aliquando
501 1532 645 1608 mentiti
667 1529 795 1612 Ariani
819 1534 1001 1620 dicerent,
1026 1534 1078 1610 so·
1113 1570 1116 1575 ·
1219 1570 1229 1587 ‘

137 1631 255 1723 „cum
276 1630 408 1706 sentire
430 1628 656 1714 Antonium,
689 1655 767 1708 rem
799 1633 947 1728 indigne
966 1632 1077 1723 tulit,
1164 1660 1168 1675 ¹

135 1728 466 1825 „hortantibusque
485 1729 672 1828 Episcopis·
688 1729 725 1806 dt
741 1731 912 1805 fratribus
931 1732 1077 1809 descen·

136 1830 223 1923 „dit
247 1831 461 1919 demente,
486 1842 597 1926 atque
620 1829 792 1926 ingrersus
817 1828 1077 1907 Alexandriam
1183 1908 1193 1919 ,,

136 1927 325 2023 „Arianos
342 1929 487 2026 publico
498 1928 666 2004 'sermone
690 1930 986 2005 condemnavit,
1021 1929 1076 2007 Ea
1140 1958 1160 2031 χ

136 2029 317 2120 „in-urbe
340 2027 479 2103 multos
503 2024 582 2124 eju's
611 2027 935 2126 opera'mundavit
949 2028 1077 2105 Domi·
1218 2026 1224 2035 ’

138 2152 239 2219 „nus
257 2152 279 2202 a
296 2128 537 2215 daemonibus
555 2127 648 2203 alios
665 2139 927 2224 mentecaptos
946 2127 1075 2203 libera·
1146 2220 1149 2225 ι

138 2229 240 2320 „virt
264 2227 376 2315 multi
390 2227 480 2301 item
495 2228 650 2322 gentiles
676 2226 854 2323 rogabant
878 2228 1002 2303 saltem
1023 2225 1075 2303 s·

139 2349 252 2419 „nem
274 2326 504 2420 contingere,
519 2325 567 2401 ,ἃ
594 2349 641 2400 ex
666 2327 741 2402 iuis
765 2339 822 2402 tot
846 2329 970 2425 paucis
998 2326 1074 2423 iliis

139 2420 296 2517 „die‘bus
312 2424 501 2500 Christiani
521 2422 638 2501 'effodi
655 2425 767 2519 suot,
780 2440 871 2524 quot
892 2425 989 2504 alias
1008 2448 1072 2526 per
1116 2461 1119 2465 ·

138 2546 301 2622 „annum
316 2524 379 2600 visi
395 2525 540 2602 fuerint.
577 2551 619 2582 ···
746 2542 752 2559 ⁸

137 2712 1227 2921 „1ra;retuteruntrestatrt,·

139 2921 373 3019 „Aliquando
391 2925 437 2997 ad
454 2946 538 2997 enm
556 2921 728 3000 accellere
753 2921 828 2998 duo
849 2925 959 3018 graeci
983 2921 1066 2996 Plot-
1079 2889 1206 2992 ’Μ’

118 3080 120 3087 .
136 3020 300 3120 ,losophi
314 3077 326 3107 ,
342 3056 346 3065 ⁴
362 3021 493 3118 quibus
521 3045 719 3135 occurrens
743 3043 807 3117 per
833 3021 1069 3117 interpretem
1080 2976 1203 3126 wi*

136 3122 235 3210 „aitt
290 3122 385 3207 Quid
417 3134 561 3197 tantum
591 3119 783 3216 suscepistis
814 3118 998 3208 laborem,
1027 3132 1073 3196 ut
1192 3122 1197 3137 '

132 3215 306 3311 „stultum
318 3222 506 3296 hominem
526 3220 788 3299 conveniretis:
822 3218 1071 3318 respondenti·

131 3324 229 3413 „bus
245 3320 332 3406 illis,
358 3319 470 3417 ipsum
487 3319 555 3394 eise
571 3341 744 3419 perquam
763 3319 992 3419 prudentem,
1013 3318 1073 3394 di·
1208 3364 1231 3413 g

128 3423 238 3516 „xitr
263 3421 361 3515 Ergo
377 3421 468 3494 mihi
487 3418 599 3496 estote
614 3418 759 3501 fomites,
776 3442 859 3495 cum
874 3419 969 3494 bona
986 3418 1071 3508 imi-
1141 3456 1144 3461 ·

127 3522 227 3614 „tari
256 3519 410 3617 parsit,
444 3543 529 3595 nam
554 3521 578 3595 sr
603 3543 671 3613 ego
697 3538 766 3590 vos
786 3518 964 3607 adiiffem,
999 3539 1070 3592 vos
1148 3551 1152 3605 5
1182 3538 1185 3551 ¹

127 3623 367 3714 „imitaturus
400 3642 525 3695 eram:
544 3646 548 3653 ¹
566 3616 788 3694 Christianus
816 3618 948 3715 qnippe
978 3617 1069 3692 inm.
1123 3672 1131 3691 ,
1180 3624 1206 3693 π’

128 3721 353 3821 „Aliisrero
368 3719 405 3798 ie
417 3720 637 3821 adeuntibus
650 3715 827 3794 illudendi
839 3715 957 3807 causa,
971 3715 1078 3811 quod-

593 3817 663 3897 ·Cc
690 3843 713 3914 5
753 3830 761 3845 ³
945 3815 1070 3910 „litte
1124 3842 1160 3887 .’

633 3952 641 3989 )
