2468 4358
144 278 232 349 ,ρο
312 312 315 317 .
457 251 518 339 c.
540 174 755 367 halama

97 468 101 473 ·
145 457 292 535 „neque
315 436 364 513 ab
390 435 588 518 Athanafio
612 460 729 534 neque
752 457 818 534 per
841 435 1079 515 Athanasium
1125 458 1127 499 ;

106 582 109 587 ·
146 537 357 633 „commissa
390 535 458 611 esi:
501 537 660 613 carnifici
696 538 878 615 neminem
918 558 1080 632 unquam

145 634 396 731 „Athanafiue
421 635 581 725 dedidit,
605 657 723 731 neque
750 657 931 710 carcerem
954 635 1081 711 vinctis
1125 686 1127 713 ;

147 736 362 841 „tradendis
392 736 580 830 fatigavit,
612 756 729 831 neque
760 735 899 811 caedem
923 734 992 811 ulii
1019 748 1082 812 aut
1123 782 1127 787 -

146 835 327 928 „exilium
346 834 540 928 irrogavit,
565 835 639 931 ipse
654 845 778 908 autem
800 832 934 910 abistis
950 836 988 909 in
1006 837 1081 910 exi,
1125 918 1127 923 ,

148 935 269 1026 „lium
285 933 385 1008 astus
400 932 463 1023 est,
477 933 640 1030 quinimo
653 930 817 1030 judicum
836 931 913 1008 atla
925 932 964 1008 dt
979 933 1082 1009 darn·

144 1046 284 1124 „natos
302 1031 531 1120 aPraeser‚
557 1046 599 1110 ut
621 1032 684 1130 ipsi
710 1030 782 1107 suis
807 1031 945 1129 scriptis
964 1033 1081 1123 faten-

146 1143 255 1223 „tur,
296 1132 343 1207 ad
376 1129 564 1207 Athanasii
598 1133 745 1228 culpam
776 1130 959 1221 referunt,
997 1156 1081 1209 curn

146 1245 298 1322 „tamen
329 1228 548 1309 Athanasius
578 1254 642 1327 per
673 1232 711 1305 id
746 1245 890 1327 tempus
905 1232 1086 1309 mondum

143 1330 438 1422 „Alexandriam
459 1331 632 1426 ingressus
648 1329 777 1414 suisset,
800 1330 837 1406 dt
853 1350 916 1427 per
935 1322 1082 1426 Syiiam

147 1431 213 1520 „in
230 1429 358 1505 itinere
375 1430 421 1504 ab
443 1432 553 1505 exilio
571 1442 822 1512 reverteretur.
853 1428 989 1527 Quodsi¹
1004 1429 1083 1505 lona

149 1530 312 1624 ,',ginqua
332 1527 491 1604 absentia
508 1529 776 1605 excusationem
802 1526 929 1615 affert,
954 1530 1084 1627 nequis

147 1649 259 1723 „reus
288 1627 484 1715 habeatur,
510 1628 597 1724 quin
619 1627 808 1725 praefectos
833 1628 988 1724 AEgyp'ti
1002 1629 1083 1709 ah·

20 1770 25 1789 =
63 1792 68 1821 ,
146 1727 261 1822 „quid
275 1726 372 1802 sacit.
426 1727 522 1814 Quid
546 1726 744 1804 Athanasro
768 1728 943 1801 remotius
968 1751 991 1802 a
1016 1730 1083 1803 cri·

146 1826 285 1923 „mine
302 1826 363 1922 qui
374 1824 467 1900 [ivel
480 1827 517 1900 in
531 1826 604 1923 ipsa
618 1826 842 1901 Alexandria
856 1825 985 1913 suisset,
996 1827 1084 1925 quid

146 1936 299 2016 „tamen
313 1925 368 1999 illi
392 1924 511 2020 quaeso
533 1949 616 2001 cum
635 1927 791 2022 negotiis
812 1924 999 2022 praesciti?
1027 1942 1083 2003 at·

147 2025 291 2121 „quiin
308 2023 381 2098 illis
402 2025 491 2105 locis
506 2050 580 2099 non
596 2037 694 2111 erat,
719 2048 836 2121 neque
853 2026 898 2099 ad
916 2049 975 2112 ea,
994 2048 1084 2123 quan

1 2156 18 2207 ς
148 2123 254 2214 „adia
279 2123 359 2199 sunt
390 2148 411 2198 a
438 2124 626 2219 praesetto,
661 2146 719 2198 res
753 2122 997 2199 ecclefiasticae
1022 2151 1083 2201 oc·

147 2221 354 2314 „calronem
371 2222 567 2308 dederunt,
594 2223 649 2298 uti
668 2247 714 2296 ex
736 2224 949 2305 actisactis
963 2236 1084 2307 trans.-

90 2370 94 2379 ·
146 2320 283 2413 „missis
299 2334 457 2418 apparet.
487 2322 618 2416 'Igitur
630 2322 668 2396 id
685 2322 798 2396 solum
812 2336 937 2418 agunt,
955 2336 998 2398 ut
1013 2326 1084 2399 tol·

7 2498 11 2505 ,
146 2419 296 2512 „lantur
314 2445 335 2493 e
353 2422 475 2494 medio
493 2421 784 2516 orthodoxique
800 2419 875 2518 jam
892 2422 981 2496 inde
998 2430 1084 2501 cu'm

147 2519 363 2611 „securitate
386 2520 613 2614 praedicent,
626 2519 801 2622 quidquid
821 2519 993 2613 libuerit,
1013 2525 1084 2603 im«

146 2619 323 2715 „pietatis
343 2619 523 2700 Patronis.

14 2825 112 2895 hono
220 2842 255 2911 3.
282 2817 359 2905 „Et
382 2828 521 2893 certum
544 2817 696 2893 remita
723 2816 757 2891 se
783 2816 960 2901 habuisse.
997 2843 1085 2900 curn

36 2933 126 2979 cmo·
147 2918 270 3009 „enim
280 2918 393 2992 Arius
402 2919 446 2992 ab
457 2917 615 2992 Ecclesia
624 2941 686 3011 per
695 2916 909 3014 Episcopum
917 2916 1084 2995 Alexan·

14 3018 31 3121 ⁸.
48 2998 119 3070 ‘A‘
145 3015 278 3109 „drum
296 3016 428 3112 ejet'lus
444 3018 541 3101 esset,
562 3016 752 3091 Eusebiani
772 3016 933 3111 discipuli
947 3021 1083 3113 pariter

28 3126 40 3150 ⁴
144 3114 212 3209 ,‚&
234 3114 319 3189 socii
341 3116 538 3209 impietatis
557 3114 762 3210 semetipsos
783 3115 913 3212 ejeiios
933 3115 1002 3191 eise
1023 3140 1084 3193 ar.

78 3288 83 3306 ,
146 3215 351 3307 „bitrantes
375 3216 504 3289 multis
528 3215 842 3308 adhortationibus
866 3213 1083 3295 Alexandro

144 3312 406 3410 ‚‚scripserunt,
430 3338 476 3387 ne
489 3313 619 3389 Arium
637 3328 740 3386 extra
759 3312 955 3389 Ecclesiam
972 3316 1083 3391 relin-

143 3427 309 3509 „queret
349 3410 560 3487 Alexandro
581 3426 703 3486 autem
725 3414 911 3492 hominem
928 3414 1100 3511 impium.

143 3534 244 3603 „non
270 3512 463 3608 recipiente
485 3512 522 3587 in
537 3511 774 3587 Athanasium
791 3512 868 3607 ejus
884 3513 1082 3597 diaconum

22 3642 26 3657 ¹
142 3610 243 3702 „iras
272 3625 466 3697 avertunt,
501 3611 538 3687 dt
571 3613 655 3706 quia
691 3635 775 3686 eum
807 3611 981 3687 athduum
1013 3613 1081 3691 esse

19 3786 23 3795 ,
143 3711 267 3813 „apud
284 3710 536 3791 Alexandrum
552 3711 907 3802 animadverterent,
931 3711 969 3793 dt
995 3713 1086 3807 quia-

932 3913 940 3922 .
977 3810 1078 3920 „jm
