2468 4358
95 323 101 330 ·
141 293 248 383 324'
312 352 317 361 ,
468 265 511 355 S.
537 262 741 379 Arhuurfii

132 451 271 550 „suum
296 474 369 526 non
393 448 506 528 solum
532 396 653 525 omnia
674 420 850 549 condere,
875 447 1077 535 sedetiam

87 634 89 643 ,
142 563 390 645 „creaturam
420 551 465 624 de
480 572 551 645 qua
568 550 727 646 loquitur
746 546 956 646 Apostolus,
982 549 1074 625 libe-

140 672 248 742 „rare
271 650 387 725 voluit
408 649 454 724 ab
471 650 568 722 omni
588 648 757 724 seruitute
773 648 1017 746 corruptionis
1035 648 1073 725 iu

141 748 372 863 „libertatem
390 747 517 844 gloriae
534 746 690 822 filiorum
707 747 787 822 Dei.
858 835 862 853 .

28 905 117 1032 Sat-'¹
189 923 191 933 ’
218 948 273 1019 tr.
310 943 516 1032 „Praeterea
544 942 687 1031 dicunt,
711 967 786 1019 non
802 964 895 1039 opus
913 926 1007 1030 fnit,
1031 950 1072 1017 ut

10 1068 47 1112 or
103 1058 105 1067 ’
141 1042 337 1139 „Saluator
362 1043 478 1117 noster
507 1056 671 1118 creatura
696 1067 770 1118 non
795 1043 899 1130 esset,
928 1053 1073 1137 poterat

40 1147 46 1185 ”
96 1126 106 1214 s
141 1125 265 1232 „enim
282 1139 353 1216 fine
363 1142 449 1218 -ulso
464 1141 757 1245 adventuChrssti
776 1140 1006 1215 solummodo
1018 1140 1070 1212 lo·

7 1257 15 1338 j
62 1214 102 1285 Θ
141 1241 229 1338 „qui
248 1241 370 1326 DeuS,
392 1240 429 1316 δι
446 1239 882 1316 solveremalediffionem
902 1237 1076 1331 nostram.-

4 1339 16 1433 ',
37 1316 123 1469 Ἤ
140 1339 241 1432 „Sed
265 1337 490 1435 spettandum
504 1340 563 1416 -est
590 1341 712 1428 isthic,
751 1339 837 1437 quid
861 1339 1071 1413 hominibus

0 1498 20 1511 n
70 1471 98 1544 p,
140 1438 210 1530 „stt
226 1440 335 1526 utile,
360 1463 434 1512 non
460 1441 546 1534 quid
573 1437 677 1513 sttum
704 1436 747 1513 fit
763 1442 807 1514 *in
832 1438 970 1512 viribus
992 1437 1069 1515 Dei.

42 1534 45 1543 ’
69 1554 72 1559 “
97 1540 99 1546 ’
138 1536 390 1635 „Porroquod
407 1537 550 1613 utile&
568 1539 740 1613 decorum
757 1537 826 1625 est,
849 1536 887 1609 id
904 1559 991 1611 cura
1010 1535 1069 1612 sua
1101 1588 1106 1603 .

123 1636 203 1731 ³„&
225 1636 449 1733 providentia
466 1635 622 1711 instruit:
654 1637 755 1711 venit
777 1638 907 1731 igitur,
931 1660 1006 1709 non
1029 1646 1068 1709 ut

1 1755 3 1760 ·
136 1734 228 1827 „fibi
247 1734 515 1823 ministraretur,
530 1736 589 1823 sed
606 1746 648 1811 ut
665 1735 736 1832 ipse
755 1734 983 1821 ministraret,
1006 1758 1069 1807 no·
1105 1767 1112 1829 ς

134 1835 343 1931 „stramque
369 1833 527 1910 salutem*
546 1847 764 1932 operaretur.
836 1831 961 1927 Atque
987 1834 1072 1909 ideo'
1107 1900 1112 1917 ,

137 1933 238 2033 „ipsa
262 1934 314 2009 rei
337 1934 430 2010 ratio
455 1934 515 2008 hic
539 1933 823 2031 spestarsdebet:
851 1932 874 2006 sr
898 1933 998 2008 enim
1022 1933 1067 2006 ob

137 2035 261 2126 „vires
276 2033 377 2120 suas,
403 2034 450 2107 ob
471 2055 560 2130 quas
583 2033 620 2107 id
646 2033 784 2130 potuit,
810 2032 921 2123 verbo
940 2029 1068 2106 edixis-
1106 2048 1112 2121 ;

137 2131 243 2227 „set,
266 2133 303 2208 dc
320 2134 372 2207 ita
387 2131 591 2208 maledit'tio
608 2133 833 2220 aboleretur,
857 2131 1073 2228 imperantis
1093 2140 1112 2227 j,

5 2302 7 2307 ,
138 2231 310 2328 „quidem
334 2232 495 2328 potentia
512 2232 548 2305 in
570 2231 760 2327 conspicuo
773 2234 935 2328 pateret,
958 2229 1075 2321 homo,

113 2334 116 2343 '
138 2344 289 2423 „tamen
307 2329 486 2425 ejusmodi
500 2327 645 2405 effestus
659 2329 794 2417 fuisset,
817 2322 935 2428 qualis
948 2327 1073 2419 Adam⁶
1109 2332 1112 2341 '

137 2442 249 2522 „ante
266 2430 599 2525 praevaricationem
616 2429 746 2518 fuerat,
772 2428 996 2504 extrinsecus
1011 2449 1074 2522 rac-¹

6 2561 10 2571 =
137 2528 302 2623 „cipiens
320 2528 493 2621 gratiam,
520 2551 595 2602 nou
611 2542 735 2603 autem
752 2550 833 2603 eam
844 2532 991 2624 'corpori
1008 2524 1074 2628 suo¹

7 2665 9 2676 ν
137 2625 429 2720 „agglutinatam
444 2628 593 2715 tenens,
618 2625 764 2702 sorsrtan
782 2629 892 2702 etiam
911 2624 1067 2701 deterior
1109 2674 1112 2689 ι

136 2723 342 2816 „evastffem
369 2738 494 2821 utpote
511 2726 575 2821 qu'u
584 2724 659 2823 jam
679 2726 906 2824 praevaricari
934 2726 1068 2801 didice-

136 2838 233 2919 „rat
298 2823 431 2912 Quodsr
455 2828 575 2909 rursus
599 2849 621 2898 a
646 2823 806 2922 serpente
830 2824 1066 2920 deciperetur,
1106 2834 1112 2839 '

136 2924 294 3017 „iterum
314 2945 405 3018 opus
422 2923 539 2998 fuisset
555 2922 624 2998 Dei
641 2922 823 3021 loquentis
840 2923 1068 3020 impetimur

135 3023 212 3114 „ita
229 3022 434 3097 maledistio
452 3020 659 3106 solveretur,
673 3037 783 3119 atque
797 3023 848 3096 ita
862 3022 899 3096 in
913 3022 1067 3099 immen-

117 3121 262 3213 „‚,sum,
298 3120 336 3197 &
364 3119 599 3196 nihilominus
630 3120 870 3206 remansrssent
900 3120 1065 3215 homines

99 3243 101 3249 ·
135 3219 308 3312 „obnoxii
333 3218 527 3294 servientes
552 3235 721 3316 peccato,
743 3244 788 3296 ao
807 3220 958 3316 proinde
978 3219 1066 3297 sem·

7 3383 9 3387 .
135 3340 226 3423 „per
240 3329 454 3414 peccantes,
479 3318 615 3415 semper
637 3344 729 3418 opus
750 3320 926 3398 haberent
949 3322 1065 3396 veniae

134 3417 427 3510 ‚·,condonatore‚
453 3440 570 3513 neque
587 3442 647 3494 urn
675 3443 758 3493 uam
781 3418 855 3494 illis
878 3442 900 3492 a
925 3419 1066 3495 vindice

97 3583 100 3591 .
136 3514 326 3607 „satisfieri
352 3515 481 3611 posset,
508 3442 737 3612 semperdegi
760 3519 806 3592 ob
821 3517 1068 3593 infirmitatem

104 3617 280 3706 ,carnis
311 3613 635 3692 succumbentibus
720 3615 856 3690 Rursus
895 3615 921 3690 s1
951 3616 1066 3692 Filius

133 3726 325 3812 „creatura
341 3713 443 3807 esset,
466 3713 577 3808 horno
593 3715 758 3792 mortalis
774 3726 1000 3801 remaneret,
1023 3728 1086 3815 ut,
1110 3764 1112 3773 ·

114 3892 129 3950 p
278 3896 280 3901 .
891 3886 893 3891 ,
955 3838 1067 3926 „non
