2468 4358
795 136 841 179 .„

138 230 407 385 '‘npozogo
438 272 487 359 aa
511 228 791 387 conparium.
891 274 978 390 267
1055 304 1059 323 ι
1196 302 1201 315 ,

37 442 610 547 ,numerumnunereoeonrune
653 426 761 536 uriae
778 460 977 558 napaeos
1043 426 1046 431 ’

38 552 153 649 „saus
168 556 355 655 perspicit,
373 581 440 632 nos
456 559 590 633 liberos
607 559 674 635 elie
690 564 736 635 ab
755 559 978 656 omni‘suspi-

40 655 194 830 „cipum
226 654 265 734 dt
288 658 510 737 adversarios
531 659 670 736 nostros
695 660 977 741 calumniatores

41 777 88 848 „e
114 779 148 831 e.

55 968 61 973 '
112 980 150 1031 2.
179 953 367 1044 „Demea
399 967 524 1032 autem
553 957 591 1031 in
622 967 660 1032 te
701 952 976 1043 maledicentia,
992 959 1160 1031 Narmou-

44 1106 69 1149 „
162 1053 267 1130 usum
290 1080 350 1133 me
370 1055 510 1152 fingunt
531 1056 629 1154 apud
647 1056 834 1153 piissimum
852 1056 976 1149 rlugu·
992 1047 1161 1145 dixit-0⁰⁹⁸·
1188 1100 1191 1104 ι

45 1076 164 1249 ῃῗζιῖη
179 1156 298 1230 beatae
314 1157 501 1233 memoriae
519 1156 769 1239 Constantem,
783 1134 1109 1255 primarumflt'm·
1135 1216 1138 1221 .

47 1255 338 1349 „calumniarum
360 1255 497 1333 salsitas
517 1254 626 1354 hujus
650 1279 793 1355 quoque
810 1257 861 1330 rei
880 1256 984 1329 vani·

48 1365 189 1445 „tatem
217 1353 324 1428 facile
349 1357 528 1450 arguerit,
564 1377 648 1431 cum
674 1357 772 1432 enim
796 1355 907 1430 iidem
928 1352 983 1433 illi

49 1455 138 1550 „qui
159 1452 277 1548 priora
294 1452 497 1541 finxerunt,
524 1455 605 1530 haec
625 1477 770 1552 quoque
794 1453 985 1531 commini-

10 1584 14 1589 ·
49 1553 230 1642 „scantur,
246 1555 306 1649 qui
324 1555 442 1652 quaeso
459 1555 537 1630 sieri
554 1553 686 1651 pollet,
709 1567 750 1629 ut
767 1579 839 1629 non
857 1553 903 1629 ab
920 1553 985 1627 iis·

10 1720 14 1735 ‚
49 1653 161 1744 „dem
184 1654 337 1729 enodem
361 1656 562 1730 vanitatem
587 1652 786 1752 expedies?
813 1656 934 1743 Quare
958 1650 985 1727 fi

10 1766 13 1775 “
51 1775 202 1844 „meam
217 1753 459 1830 defenfionem
477 1753 682 1848 dignaberis
700 1755 846 1841 audire,
874 1751 987 1828 confi·
1079 1792 1088 1809 x

49 1851 126 1943 „do
141 1848 241 1939 soro,
267 1864 309 1930 ut
329 1854 439 1930 etiam
460 1855 530 1928 hac
553 1854 590 1927 in
607 1867 709 1951 parte
729 1856 855 1927 eorum
870 1866 987 1927 terne-

49 1951 223 2041 „ritateru
239 1953 470 2028 condemnes.
522 1951 641 2027 Pudet
657 1975 781 2027 revera
799 1954 910 2027 etiam
926 1949 986 2025 vel
1074 1976 1077 1981 ·

50 2050 251 2143 „diluendo
266 2052 312 2130 de
325 2052 386 2127 ista
402 2076 440 2126 re
454 2052 678 2127 mentionem
690 2052 831 2138 facere,
855 2051 900 2126 de
915 2072 987 2145 qua

51 2173 124 2243 „ne
147 2151 334 2227 accusator
358 2152 505 2248 quidem
527 2150 685 2225 sustinuit
711 2152 820 2228 verba
844 2149 986 2237 facere,
1065 2152 1068 2167 ¹
1139 2156 1141 2165 '
1186 2166 1192 2181 ·

51 2249 169 2342 „dum
191 2252 312 2326 adhuc
338 2253 532 2347 praesentes
558 2249 729 2339 essemus,
773 2262 900 2347 utpote
924 2248 987 2346 qui

53 2348 187 2441 „sciat,
215 2350 250 2425 se
275 2350 404 2428 falsum
435 2351 566 2426 dicere.
626 2351 710 2425 Non
734 2350 869 2425 insanio
894 2372 986 2446 ego,
1115 2434 1117 2439 ,

52 2460 121 2541 „ut
136 2447 196 2525 vel
211 2451 377 2546 cogitasse
391 2473 550 2546 unquam
565 2473 626 2524 me
643 2449 717 2524 tale
739 2449 826 2545 quid
840 2447 989 2547 suspice·
1114 2444 1116 2451 ’

53 2544 142 2640 „ria
194 2550 421 2648 Quapropter
435 2574 480 2623 ne
499 2549 580 2623 aliis
598 2549 744 2646 quidem
759 2549 992 2645 percuntian·

53 2649 179 2741 „tibus
202 2651 415 2748 respondere
440 2650 571 2735 velim,
605 2662 681 2724 tuae
707 2664 831 2726 autern
863 2646 992 2747 pietati

54 2771 214 2844 „magna
238 2773 329 2826 voce
352 2748 569 2846 respondeo,
607 2770 790 2844 manuque
818 2746 989 2837 extensa,
1101 2750 1103 2755 ’

54 2849 182 3025 „puod
199 2847 308 2924 didici
325 2850 370 2926 ab
389 2847 578 2945 Apostolo:
605 2847 723 2922 Deum
741 2849 779 2922 in
795 2871 915 2922 meam
935 2847 991 2943 ip·

54 2998 80 3042 ‚,
95 2970 153 3025 rus
171 2950 330 3036 animum
347 2947 475 3035 testor,
507 2969 704 3043 numquam
722 2947 759 3021 in
776 2947 914 3022 malum
937 2946 993 3023 tui

54 3048 307 3140 „mentionem
333 3047 403 3126 feci
428 3047 523 3145 apud
556 3047 706 3121 fratrem
737 3058 842 3122 tuum
875 3047 994 3124 beatae

55 3148 273 3239 „memoriae
296 3147 531 3249 Constantem¹
546 3145 769 3241 Augustum,
802 3169 919 3245 neque
950 3145 996 3223 il·

55 3247 164 3341 „lum
194 3247 384 3323 adversum
418 3260 456 3322 te
485 3247 644 3336 irritavi,
686 3248 760 3321 imo
798 3243 994 3342 srquaudo

10 3386 12 3391 ·
57 3370 173 3440 „eum
203 3347 466 3437 convenirem,
491 3347 715 3422 mentionem
742 3343 814 3442 ipse
838 3345 996 3424 faciebat
1055 3418 1059 3433 ,

57 3448 132 3541 „de
151 3459 216 3522 tua
236 3446 484 3533 humanitate,
511 3446 608 3541 quod
630 3446 741 3520 etiam
768 3458 856 3520 tunc
879 3444 997 3519 conti·
1119 3535 1120 3538 Ν
1214 3510 1216 3517 .

58 3546 162 3644 „git,
182 3547 328 3642 quando
346 3565 654 3623 commoraremur
670 3544 867 3641 Aquileiae:
895 3545 996 3622 Deus

58 3644 251 3744 „conscius
272 3647 342 3735 est,
368 3666 478 3744 quam
500 3667 568 3740 ego
589 3643 637 3725 ibi
660 3647 735 3719 tuae
756 3645 901 3741 pietatis
920 3664 998 3716 me·

55 3747 269 3844 ,minerim
319 3745 510 3826 Sadenon
531 3741 848 3833 itaobviasaureo
870 3740 999 3822 habult
1035 3750 1038 3757 '

10 3944 14 3995 Ι
895 3837 1000 3936 „cul-
