2468 4358
380 262 550 381 Historia
576 248 839 379 Arimorrrm.
990 228 1085 391 §.0¹1¹

134 448 263 550 „quod
283 447 458 527 hasienus
480 447 680 527 Athanasio
705 472 788 525 cum
815 446 885 524 suls
904 446 1069 536 cedebat,
1129 506 1132 513 .

139 553 218 642 „illi
233 551 477 636 adimeretur,
503 551 718 647 dareturqne
735 549 808 625 illis
822 548 883 644 qui
900 546 1072 627 Arianica

138 651 347 748 asperent,
371 649 408 725 δι
427 649 636 727 ut-liberum
656 648 740 723 effet
757 647 996 723 contumelias
1016 647 1073 721 in·
1199 742 1203 749 ι

138 750 258 840 „ferre
273 751 311 824 in
329 749 516 824 Athanasii
532 749 871 831 communicatores,
893 747 1076 841 minaeque

136 851 390 940 „denuntiatae
403 847 586 944 judicibus
601 845 663 923 nisi
680 870 763 922 cum
779 846 961 921 haereticis
974 869 1074 920 com·

136 932 376 1039 ,mflionem
406 947 649 1034 celebrarent,
685 942 724 1021 δι’
754 961 880 1021 contra
906 945 1072 1020 Athana·
1151 972 1155 989 ¹

134 1046 255 1138 ‚,fium
274 1046 487 1131 scriberent,
507 1045 545 1121 δι
567 1045 730 1142 Episcopi
746 1045 840 1119 hanc
858 1043 1074 1120 sententiam

133 1146 402 1236 „audiverunt3
428 1160 493 1222 aut
516 1145 740 1229 subscribite,
760 1156 824 1220 aut
841 1144 886 1219 ab
906 1143 1075 1219 Ecclesris

131 1247 333 1336 „recedite
383 1246 424 1319 ln
447 1244 604 1329 summa,
623 1245 745 1329 omnia
758 1241 859 1330 loca,
879 1266 1006 1317 omnes
1023 1244 1074 1318 ci·

133 1350 301 1436 ‚,vitates
319 1345 561 1439 implebantur
574 1344 770 1420 terroribus
788 1341 825 1418 ἂ
844 1340 1075 1431 tumultibus,
1112 1360 1118 1421 “.

128 1468 247 1537 „cum
273 1442 312 1518 lic
341 1442 507 1543 Episcopi
531 1444 779 1526 traherentur,
807 1441 844 1517 &
858 1441 1000 1536 judices
1021 1443 1075 1517 vi-

131 1545 293 1635 „decent
313 1543 431 1618 Iustus
452 1543 490 1619 &
511 1541 654 1640 suspiria
671 1541 899 1640 populorum.
1031 1604 1033 1611 ,
1071 1612 1075 1619 ,
1127 1567 1130 1575 ·

216 1764 277 1816 10.
302 1738 408 1827 „lmo
424 1763 470 1813 ne
486 1738 631 1814 Liberio
649 1739 793 1834 quidem
804 1716 972 1819 Romano¹
988 1734 1072 1833 Epi·
1090 1734 1229 1837 Liberius

137 1836 277 1934 „scopo
306 1853 561 1936 pepercerunt,
600 1839 710 1914 nulla-
729 1838 929 1912 reverentia
959 1834 1073 1920 duni,
1088 1822 1226 1922 titffmhfl

135 1939 228 2030 „vel
246 1940 344 2032 quod
361 1939 461 2013 ledes
479 1937 544 2014 illa
560 1937 751 2036 apostolica
769 1937 873 2022 ellet,
901 1935 960 2011 vel
976 1914 1214 2031 quodffl‘ssl‘sr

137 2038 290 2129 „Roma
327 2037 538 2135 metropolis
570 2037 655 2113 esset
691 2037 867 2111 Romanae
906 2034 1054 2109 ditionis
1062 2056 1074 2125 ς

135 2160 253 2225 „nam
280 2160 364 2210 cum
383 2137 565 2211 Liberium
589 2136 751 2212 vidillent
772 2135 1016 2210 orthodoxum
1035 2130 1074 2208 δι

138 2235 306 2324 „olorem
331 2234 514 2310 Arianicae
544 2236 665 2318 sesiae,
693 2257 779 2321 ,rem
807 2235 853 2309 ad
877 2238 1075 2332 imperato·

135 2358 243 2425 „rem
269 2332 456 2439 deferunt,
488 2335 549 2429 qui
573 2335 688 2410 mittit
705 2334 921 2409 Eunuchum
948 2354 1075 2429 quem·
1164 2397 1167 2405 ,

136 2435 254 2524 „dam
269 2431 461 2508 Eusebium
477 2457 562 2508 cum
579 2434 710 2510 litteris
727 2435 765 2510 bc
778 2435 884 2509 donis
899 2432 948 2508 ad
965 2454 1072 2519 eum,
1218 2434 1221 2439 ’

136 2543 207 2623 „ut
236 2530 342 2605 donis
370 2531 517 2628 quidem
542 2531 784 2613 blandiretur.
826 2531 959 2609 litteris
984 2553 1073 2609 vero

137 2632 376 2723 ,minaretun
436 2631 619 2706 Prosesius
644 2633 754 2727 igitur
771 2634 926 2707 Romam
948 2630 1073 2729 Spado
1204 2696 1209 2711 ,

137 2731 323 2829 „primum
340 2730 514 2805 incitabat
533 2730 733 2815 Liberium,
756 2746 798 2807 ut
816 2746 942 2821 contra
954 2731 1074 2805 Atha·
1178 2786 1181 2794 .

138 2827 305 2922 „nahum
325 2828 572 2916 subscriberet,
597 2828 636 2905 ἃ
650 2852 735 2905 cum
748 2829 894 2906 Arianis
911 2852 1075 2905 commu·
1104 2884 1108 2891 .

137 2930 324 3023 „nicaret,
350 2929 388 3003 id
412 2930 508 3003 enim
526 2929 783 3025 Imperatorem
801 2929 945 3026 jubere3
973 2928 1075 3003 dein·

138 3030 214 3121 „de
241 3050 390 3119 munera
417 3027 617 3115 ostentans,
649 3051 830 3125 manuque
855 3028 989 3104 Liberii
1011 3048 1080 3122 ap·.

138 3126 363 3226 ‚‚prehensa,
405 3129 612 3223 obtempera
647 3128 719 3211 ait,
769 3127 806 3204 ἂ
836 3125 900 3205 illa
938 3128 1074 3223 accipe.

138 3224 221 3320 „At
237 3227 403 3300 Liberius
423 3241 547 3302 contra
568 3229 775 3323 quaerebat,
802 3228 985 3324 quomodo
1005 3226 1083 3300 hoc-

140 3326 556 3417 „contraslthanasrum
587 3327 697 3424 pollet
726 3328 826 3412 lieri,
865 3348 973 3423 quem
999 3323 1077 3420 jam
1167 3372 1171 3377 -

139 3423 323 3518 „secunda
349 3428 522 3522 Synodus
550 3426 596 3500 ab
623 3429 722 3501 omui
746 3427 897 3503 crimine
921 3427 1077 3500 liberum

139 3527 426 3620 „pronuntiavit
492 3525 690 3601 Eunuchus
714 3528 824 3620 igitur
849 3523 957 3602 tristis
979 3523 1078 3618 quod

137 3624 349 3715 „Liberium
366 3622 490 3700 haeresi
507 3624 673 3714 infestum
688 3626 911 3721 reperiebat,
932 3622 1079 3717 magnis

136 3725 349 3818 ,mmm
372 3723 712 3803 denunnationibus
729 3723 855 3821 jaun,
888 3723 972 3799 cuni
996 3742 1078 3833 mu·

158 3900 163 3907 -
953 3838 1075 3919 ”nesse
