2454 4344
148 204 152 209 ‘
190 216 198 225 1
235 190 506 410 Apologio‘od
524 244 800 387 Constantium
901 256 986 386 269
1048 284 1064 335 2
1114 222 1141 259 ⁸

10 434 20 501 l
52 434 126 553 „no
140 447 285 561 litter-id
296 448 410 556 Juffit,
431 470 474 539 ut
497 457 543 533 ad
556 457 602 542 ,ie
619 442 864 563 Mediolanum
885 457 987 534 veni*

53 575 178 653 „rem3
217 559 364 655 quidam
391 560 487 634 enim
511 559 675 656 Episcopi
700 581 744 632 eo
768 556 915 657 proselti
937 558 984 634 ab
1165 640 1171 647 ,

45 678 123 750 ·„eo
152 657 398 756 postularunt,
436 670 480 743 ut
504 670 580 733 tuae
603 659 738 755 pietate
764 658 809 733 de
833 656 984 755 Synodo
1096 667 1105 687 ³

55 757 248 850 „iacienda
267 758 442 834 scriberet.
465 756 469 763 '
495 759 589 832 Cum
601 756 711 852 igitur
730 749 986 837 contremise-
1117 778 1130 792 ²·

10 935 21 977 ι
54 856 287 950 ‚,diolanum,
314 870 484 953 expertus
504 858 579 934 sum
596 857 694 934 iliius
712 859 900 933 mirificam
917 855 984 931 hu·
1078 930 1087 935 ,
1169 888 1198 964 3

52 956 312 1050 „manitatem
338 958 425 1032 dum
443 955 480 1033 dr
498 981 557 1051 me
574 955 645 1033 suis
662 957 777 1033 oculis
794 957 983 1054 dignatur,

51 1055 267 1152 „vertrisque
295 1056 451 1153 indicat,
491 1046 526 1152 se
554 1049 600 1142 ud
628 1069 664 1132 te
694 1057 739 1131 de
768 1054 983 1136 celebrando

50 1154 236 1251 „concilio
250 1155 391 1230 litteras
413 1153 548 1232 misisse.
586 1156 784 1232 'Idem‘me
808 1155 925 1231 rursus
944 1155 984 1230 in

48 1248 218 1350 „Gallias
240 1257 428 1345 evocavit,
461 1279 506 1329 eo
527 1255 624 1332 enim
648 1273 751 1354 pater
773 1255 875 1331 Osrus
893 1274 984 1330 coo·
1066 1326 1076 1337 ..

46 1355 239 1449 „cesseram
276 1366 319 1431 ut
351 1356 435 1435 inde
466 1355 514 1430 ad
543 1354 752 1433 sardicense
774 1353 982 1432 Concilium
1135 1383 1143 1393 ’

46 1454 389 1554 „proficisceremur
439 1453 521 1531 Post
548 1453 741 1531 concilium
766 1471 853 1555 vero
874 1452 995 1530 Naissr.
1026 1510 1030 1519 .
1070 1476 1074 1481 ·

10 1606 12 1611 -
46 1555 166 1648 ,mihi
189 1555 428 1632 commoranti
447 1556 568 1650 denuo
595 1555 640 1630 ab
657 1553 981 1632 eodem-scribitur.
1118 1620 1126 1640 ,

10 1660 27 1739 ζ,’
44 1652 246 1748 „confecto
267 1655 378 1750 igitur
399 1654 529 1731 itinere
552 1675 616 1753 per
633 1654 812 1752 reliquum
829 1665 985 1750 ‘tempus
1130 1735 1134 1746 ¹

10 1752 14 1841 ἶ
45 1752 256 1851 „Aquileiae
275 1753 383 1843 haesr,
416 1754 479 1830 ubi
498 1777 558 1830 me
580 1752 713 1831 litterae
737 1767 811 1831 tuae
838 1754 985 1851 pietatis
1056 1804 1067 1827 .

10 1904 12 1951 :
45 1853 401 1951 „deprehenderunt
452 1852 540 1927 Inde
572 1852 692 1930 rursus
720 1855 882 1929 abeatae
906 1874 984 1933 me·

44 1955 202 2047 „moriae
245 1952 324 2029 viro
354 1966 527 2028 evocatus
561 1952 600 2028 in
632 1953 779 2034 Gallias*
804 1950 984 2050 proserius
1207 2032 1209 2039 ,

10 2044 13 2107 3
43 2052 173 2145 „sum,
198 2064 308 2150 atque
325 2053 377 2128 ita
393 2051 541 2150 perveni
566 2051 613 2127 ad
626 2066 727 2128 tuam
745 2051 980 2150 Maiestatem.
1067 2057 1072 2075 '

41 2154 153 2246 „Quo
169 2153 379 2248 igitur'ioco
396 2164 461 2226 aut
477 2165 641 2247 tempore
658 2153 842 2228 accusator
859 2152 978 2227 dicere

43 2254 207 2351 „poterit
229 2276 288 2328 me
310 2253 356 2327 de
378 2264 415 2326 te
438 2251 533 2326 male
553 2248 747 2348 loquutum
768 2251 886 2334 fuisse,
913 2263 978 2327 aut

43 2373 181 2449 „quem
211 2353 338 2428 'testem
366 2352 544 2427 invenerit
571 2373 713 2438 rerum,
761 2373 843 2448 quae
873 2350 978 2426 sasire

43 2470 144 2547 „non
160 2449 268 2526 sunt?
294 2450 446 2527 Obsecro
464 2452 575 2526 etiam
591 2464 649 2541 te,
675 2452 899 2528 reminiscere
918 2474 980 2524 eo·

43 2573 154 2643 „rum
180 2551 373 2627 verborum
400 2573 481 2646 quae
507 2565 628 2628 tecum
652 2552 784 2637 habui.
820 2570 902 2626 curn
925 2549 980 2624 di·
1056 2624 1058 2629 ,
1093 2606 1094 2611 a

10 2698 17 2723 .
44 2663 204 2748 „gnatus
221 2650 330 2738 esser,
353 2675 412 2724 me
432 2652 492 2724 sub
510 2664 613 2728 tuum
637 2648 861 2748 conspeiium
879 2649 979 2724 veni·

10 2760 22 2813 ες
42 2770 106 2843 „re
136 2751 293 2848 primurn
319 2742 533 2836 Viminilci,
573 2749 706 2824 iterum
733 2749 907 2826 Caesareae
942 2750 981 2823 in

10 2876 18 2965 p
44 2848 322 2949 „Cappadocia,
348 2851 466 2924 tertio
483 2848 712 2936 Antiochiae,
743 2873 790 2924 an
812 2848 869 2923 vel
892 2861 980 2924 tunc

10 2974 16 3023 r
44 2950 115 3042 „de
145 2947 300 3026 Eusebio
324 2962 497 3022 vexatore
521 2971 603 3022 meo
638 2949 832 3044 quidquam
856 2945 979 3021 sinistri
1118 2969 1122 2975 ·

43 3049 242 3143 „dixerim
288 3048 327 3124 Si
342 3050 450 3143 igitur
467 3048 532 3133 iis,
560 3058 686 3125 contra
699 3071 791 3144 quos
807 3046 896 3122 mihi
914 3069 979 3142 pro

10 3144 13 3233 ἶ
43 3146 277 3241 „defensione
308 3148 500 3248 dicendum
525 3163 626 3233 erat,
670 3171 743 3223 non
779 3146 977 3245 maledixe-

10 3270 12 3307 ÷
42 3249 159 3340 „rim,
186 3268 268 3343 quae
283 3246 357 3319 illa
380 3247 595 3322 suissetmea
615 3248 752 3324 insania
768 3249 979 3344 Imperatori

10 3420 12 3439 ,
41 3347 168 3446 „apud
200 3347 458 3443 Imperatorem
492 3347 713 3438 obtresiare,
762 3349 977 3426 &fratrem

10 3468 13 3527 l
41 3446 290 3559 „cumfratre
314 3442 513 3520 collidere?

80 3654 152 3738 '3.
190 3638 273 3729 „De
298 3638 451 3718 secunda
483 3653 606 3717 autem
636 3638 837 3731 calumnia,
879 3583 1141 3736 qnodaAtla·

10 3802 12 3825 ,
41 3739 262 3846 ,scripserim
287 3756 464 3841 tyranno,
493 3765 579 3821 nam
602 3764 657 3840 oe.
671 3766 806 3822 nomen
829 3741 976 3850 quidem
991 3733 1090 3878 ff,
1114 3815 1118 3821 .

868 3862 979 3937 »elus
1047 3831 1145 3903 Μ’
