2454 4344
149 230 234 340 384
397 131 401 159 ¹
456 171 751 329 sSAthonafii'
842 172 844 177 s
907 228 933 283 ·,
1000 154 1006 167 ⁸

151 415 255 495 „tam
282 399 497 485 veritatem,
537 399 768 498 sapientiam,
797 398 1002 497 potentiam
1013 420 1086 496 ,per

150 494 287 601 „quem
313 501 434 573 omnia
459 498 552 574 fasta
578 499 669 587 sunt.
711 499 821 574 Hunc
844 500 1032 591 credimus
1056 499 1086 574 in
1116 580 1121 608 Ι

37 662 45 679 χ
151 597 489 694 „consummatione
532 599 744 686 saeculorum
782 597 829 673 ad
867 597 1084 673 abolendum
1116 684 1121 699 .

153 710 372 799 „peccatum
397 704 542 773 carnem
570 695 747 792 suscepisse
771 720 817 771 ex
839 695 1086 801 santia-Virgi-

155 822 229 892 „ne
248 800 318 874 dcc.
338 813 380 872 ut
404 798 516 892 supra.
573 798 678 883 Quod
702 809 826 870 autem
852 795 946 873 fides
970 795 1087 873 Sirmii
1118 880 1121 893 ⁴

153 919 294 993 „nuper
316 896 413 970 edita
439 919 561 971 coram
579 897 712 991 pietate
732 895 965 992 imperatoris
987 895 1086 988 poliri

154 999 267 1087 „huic
282 997 381 1091 paria
396 996 601 1086 contineat,
626 1008 761 1071 norunt
781 1017 931 1087 omnes,
956 996 1022 1093 qui
1041 993 1086 1069 le-

156 1097 313 1194 „gerion
731 1097 736 1107 ’
955 1099 959 1109 ’
993 1096 1010 1147 ·’

0 1305 103 1379 numa
235 1319 293 1389 19..
319 1290 416 1380 „His
431 1291 470 1368 in
488 1287 776 1388 Isauria'scriptis
793 1282 1088 1389 Constantinopo·

60 1385 134 1471 s0r·
159 1390 435 1488 „limprorettu
460 1388 557 1486 quast
575 1389 612 1465 se.
628 1391 837 1488 scriptorum
854 1391 1027 1488 poenitet,
1050 1411 1088 1465 ea

6 1473 144 1571 '‘W“
159 1492 232 1583 „de
250 1512 352 1565 more
368 1502 621 1578 mutaverunt,
646 1491 780 1566 additis
804 1503 928 1566 tamen
945 1491 1088 1589 quipus·
1109 1508 1121 1581 p

2 1563 146 1714 sffi'e'ffiu
160 1591 272 1682 „dam
291 1588 443 1672 voculis,
462 1588 579 1663 itaut
599 1612 717 1685 neque
730 1588 1084 1686 hypouanninpatre

0 1723 111 1807 ,δόθ’
161 1689 225 1782 „dt
248 1687 342 1762 Filio
365 1687 402 1763 dt
429 1686 566 1784 Spiritu
591 1687 708 1763 ranno
724 1688 924 1774 dicerent,
962 1687 1089 1789 eedem

5 1795 7 1800 “
75 1863 82 1887 ,
159 1789 319 1886 „ipl'a'iis
336 1787 583 1872 transmisere,
609 1789 670 1882 qui
696 1786 901 1864 Ariminum
917 1802 1090 1863 convene·
1119 1870 1121 1875 ,

60 1888 63 1895 “
97 1892 108 1901 ”
161 1900 290 1980 „rant,
316 1887 448 1962 coactis
461 1887 630 1962 omnibus
651 1888 780 1962 harum
793 1889 982 1985 regionum
993 1887 1091 1986 Epit-
1110 1888 1121 1961 i

101 2072 106 2081 ,
161 1987 312 2081 „copis,
345 1988 390 2061 ut
407 1986 452 2060 iis
477 1985 754 2075 subscriberent,
774 1985 827 2062 ,dr
851 1986 941 2080 srqui
966 2008 1054 2084 repu
1075 2020 1092 2044 ·
1117 2014 1121 2071 t

27 2100 33 2106 ’
133 2121 136 2133 ν·
162 2087 345 2178 „nabant‚
383 2106 448 2159 eos
473 2108 496 2159 a
520 2083 729 2161 Constantio
762 2085 801 2161 in
827 2086 979 2161 exilium
1010 2006 1093 2183 pefil
1110 2084 1121 2163 ζ

164 2196 375 2277 „curarunt
424 2182 487 2265 Sic
509 2198 634 2259 autern
665 2182 700 2258 se
728 2183 863 2259 h'abent
883 2185 957 2276 illa.
1010 2187 1092 2260 Cre·
1119 2248 1121 2253 .

22 2356 25 2361 .
124 2286 130 2293 ’
162 2286 311 2379 „dimus
337 2284 375 2357 in
403 2306 517 2358 unum
545 2283 663 2357 Deum
692 2282 837 2359 Patrem
869 2284 1093 2383 omnipoten-

66 2374 73 2399 ‘
160 2395 330 2476 ·„tem...
384 2381 433 2456 Et
454 2382 492 2461 in
514 2382 740 2476 unigenitum
761 2382 893 2459 Filium
919 2384 988 2458 Dei
1008 2397 1093 2470 ¹ante

165 2481 315 2574 „omnia
339 2480 468 2564 saecula
489 2504 538 2561 ex
552 2479 632 2554 Deo
653 2481 828 2577 genitum.
846 2538 883 2559 ..
932 2482 1095 2558 Similem

164 2579 330 2675 ,·,Patris,
355 2579 417 2674 qui
442 2578 476 2653 se
500 2580 626 2675 genuit
655 2578 725 2656 &c
794 2581 939 2657 Nomen
974 2596 1096 2657 autern

88 2720 92 2730 =
164 2678 414 2772 „subllantiae,
438 2680 535 2775 quod
557 2677 751 2777 simplicius
770 2704 793 2755 a
813 2680 984 2756 Patribus
1007 2678 1095 2780 post·

164 2791 269 2873 „tum
294 2778 364 2866 ert,
387 2774 425 2852 dt
448 2779 614 2874 ignotum
638 2779 782 2876 populis
805 2779 992 2865 offenfioni
1016 2779 1096 2866 fuit,

162 2879 362 2980 „quoniam
386 2877 424 2952 in
443 2877 625 2975 scripturis
646 2902 718 2953 non
741 2880 947 2956 continetur
963 2879 1099 2977 placuit

99 3050 101 3055 Α
161 2978 382 3070 „amoveri,
415 3000 483 3053 nec
505 2978 619 3053 ullam
647 2978 795 3053 omnino
820 2979 994 3074 deinceps
1022 2976 1100 3074 ejus

128 3108 131 3115 ¹
162 3076 268 3171 „sieri
292 3076 535 3163 mentionem,
554 3079 773 3173 quandoque
789 3077 923 3153 divinae
938 3078 1100 3175 Scriptu-

40 3182 50 3190 “
162 3198 245 3269 „rae-
265 3196 444 3270 nusquam
465 3174 665 3251 substantiae
682 3175 854 3252 Patris&
872 3177 954 3251 Filii
974 3178 1101 3257 merul·

142 3295 304 3367 2„nere.‘
341 3275 420 3348 lmo
436 3296 504 3348 nec
520 3273 715 3371 hypostasrs
735 3275 781 3350 de
803 3277 964 3351 Patre&
989 3277 1101 3371 Filio,

73 3398 76 3403 ’
162 3371 229 3466 „&
248 3373 386 3468 Spiritu
400 3371 527 3446 'santio
552 3374 730 3450 nominari
748 3375 883 3452 debet‘
935 3374 1103 3451 Similem

161 3481 311 3586 „autem
329 3469 483 3586 dicimus
495 3472 592 3573 Patri
608 3473 756 3568 Filium,
777 3486 827 3589 ut
834 3474 1040 3574 loquuntur
1050 3474 1106 3555 di·

164 3592 285 3677 „vruae
300 3571 509 3671 Scripturae.
590 3574 595 3587 '
1102 3630 1105 3637 .

925 3797 987 3853 20.
999 3750 1100 3867 „Sed

1002 3898 1016 3933 x
