<?xml version="1.0" encoding="UTF-8"?>
<!DOCTYPE html PUBLIC "-//W3C//DTD XHTML 1.0 Transitional//EN"
    "http://www.w3.org/TR/xhtml1/DTD/xhtml1-transitional.dtd">
<html xmlns="http://www.w3.org/1999/xhtml" xml:lang="en" lang="en">
 <head>
  <title>
</title>
<meta http-equiv="Content-Type" content="text/html;charset=utf-8" />
  <meta name='ocr-system' content='tesseract 3.04.00' />
  <meta name='ocr-capabilities' content='ocr_page ocr_carea ocr_par ocr_line ocrx_word'/>
</head>
<body>
  <div class='ocr_page' id='page_1' title='image "./analysisoperums12schrgoog_0182.png"; bbox 0 0 2468 4358; ppageno 0'>
   <div class='ocr_carea' id='block_1_1' title="bbox 236 126 1085 346">
    <p class='ocr_par' dir='ltr' id='par_1_1' title="bbox 236 126 1085 346">
     <span class='ocr_line' id='line_1_1' title="bbox 236 126 1085 346; baseline 0.012 -36"><span class='ocrx_word' id='word_1_1' title='bbox 236 126 1085 346; x_wconf 19' lang='lat' dir='ltr'><strong>..ammambaffumptarop</strong></span> 
     </span>
    </p>
   </div>
   <div class='ocr_carea' id='block_1_2' title="bbox 144 408 1217 1402">
    <p class='ocr_par' dir='ltr' id='par_1_2' title="bbox 146 408 1083 512">
     <span class='ocr_line' id='line_1_2' title="bbox 146 408 1083 512; baseline 0.011 -29"><span class='ocrx_word' id='word_1_2' title='bbox 146 430 265 502; x_wconf 90' lang='lat' dir='ltr'><strong>„nem</strong></span> <span class='ocrx_word' id='word_1_3' title='bbox 282 408 367 484; x_wconf 84' lang='lat' dir='ltr'><strong>lane</strong></span> <span class='ocrx_word' id='word_1_4' title='bbox 381 409 419 486; x_wconf 93' lang='lat' dir='ltr'><strong>id</strong></span> <span class='ocrx_word' id='word_1_5' title='bbox 437 410 499 506; x_wconf 75' lang='lat' dir='ltr'><strong>agi</strong></span> <span class='ocrx_word' id='word_1_6' title='bbox 519 413 710 508; x_wconf 82' lang='lat' dir='ltr'><strong>nequibat,</strong></span> <span class='ocrx_word' id='word_1_7' title='bbox 734 413 1027 512; x_wconf 85' lang='lat' dir='ltr'><strong>quandoquidem</strong></span> <span class='ocrx_word' id='word_1_8' title='bbox 1041 414 1083 493; x_wconf 79' lang='lat' dir='ltr'><strong>dt</strong></span> 
     </span>
    </p>

    <p class='ocr_par' dir='ltr' id='par_1_3' title="bbox 144 507 1217 1204">
     <span class='ocr_line' id='line_1_3' title="bbox 145 507 1085 612; baseline 0.009 -31"><span class='ocrx_word' id='word_1_9' title='bbox 145 507 239 606; x_wconf 87' lang='lat' dir='ltr'><strong>‚,ipli</strong></span> <span class='ocrx_word' id='word_1_10' title='bbox 255 511 307 582; x_wconf 81' lang='lat' dir='ltr'><strong>sd</strong></span> <span class='ocrx_word' id='word_1_11' title='bbox 321 509 517 605; x_wconf 78' lang='lat' dir='ltr'><strong>imaginem</strong></span> <span class='ocrx_word' id='word_1_12' title='bbox 531 513 645 586; x_wconf 84' lang='lat' dir='ltr'><strong>creati</strong></span> <span class='ocrx_word' id='word_1_13' title='bbox 661 529 783 588; x_wconf 88' lang='lat' dir='ltr'><strong>erant:</strong></span> <span class='ocrx_word' id='word_1_14' title='bbox 809 512 870 588; x_wconf 85' lang='lat' dir='ltr'><strong>sed</strong></span> <span class='ocrx_word' id='word_1_15' title='bbox 884 537 1002 612; x_wconf 86' lang='lat' dir='ltr'><strong>neque</strong></span> <span class='ocrx_word' id='word_1_16' title='bbox 1017 535 1085 612; x_wconf 85' lang='lat' dir='ltr'><strong>per</strong></span> 
     </span>
     <span class='ocr_line' id='line_1_4' title="bbox 146 604 1092 708; baseline 0.007 -26"><span class='ocrx_word' id='word_1_17' title='bbox 146 608 374 703; x_wconf 81' lang='lat' dir='ltr'><strong>„nngelum,</strong></span> <span class='ocrx_word' id='word_1_18' title='bbox 401 632 488 684; x_wconf 83' lang='lat' dir='ltr'><strong>nam</strong></span> <span class='ocrx_word' id='word_1_19' title='bbox 514 608 648 706; x_wconf 87' lang='lat' dir='ltr'><strong>Augeli</strong></span> <span class='ocrx_word' id='word_1_20' title='bbox 674 613 852 708; x_wconf 83' lang='lat' dir='ltr'><strong>imagines</strong></span> <span class='ocrx_word' id='word_1_21' title='bbox 876 638 949 688; x_wconf 92' lang='lat' dir='ltr'><strong>non</strong></span> <span class='ocrx_word' id='word_1_22' title='bbox 977 604 1092 689; x_wconf 78' lang='lat' dir='ltr'><strong>suntt‘</strong></span> 
     </span>
     <span class='ocr_line' id='line_1_5' title="bbox 144 705 1217 807; baseline 0.009 -28"><span class='ocrx_word' id='word_1_23' title='bbox 144 706 278 802; x_wconf 82' lang='lat' dir='ltr'><strong>„Ergo</strong></span> <span class='ocrx_word' id='word_1_24' title='bbox 294 705 363 782; x_wconf 85' lang='lat' dir='ltr'><strong>Dei</strong></span> <span class='ocrx_word' id='word_1_25' title='bbox 375 706 487 782; x_wconf 80' lang='lat' dir='ltr'><strong>thio</strong></span> <span class='ocrx_word' id='word_1_26' title='bbox 500 708 574 804; x_wconf 73' lang='lat' dir='ltr'><strong>ipsa</strong></span> <span class='ocrx_word' id='word_1_27' title='bbox 585 709 753 797; x_wconf 84' lang='lat' dir='ltr'><strong>advenit,</strong></span> <span class='ocrx_word' id='word_1_28' title='bbox 768 728 811 787; x_wconf 90' lang='lat' dir='ltr'><strong>ut</strong></span> <span class='ocrx_word' id='word_1_29' title='bbox 824 712 947 807; x_wconf 84' lang='lat' dir='ltr'><strong>imago</strong></span> <span class='ocrx_word' id='word_1_30' title='bbox 962 712 1087 787; x_wconf 80' lang='lat' dir='ltr'><strong>Patris</strong></span> <span class='ocrx_word' id='word_1_31' title='bbox 1214 756 1217 761; x_wconf 92' lang='lat'><em>·</em></span> 
     </span>
     <span class='ocr_line' id='line_1_6' title="bbox 145 806 1083 907; baseline 0.006 -28"><span class='ocrx_word' id='word_1_32' title='bbox 145 806 213 899; x_wconf 90' lang='lat' dir='ltr'><strong>„in</strong></span> <span class='ocrx_word' id='word_1_33' title='bbox 228 807 380 880; x_wconf 87' lang='lat' dir='ltr'><strong>homine</strong></span> <span class='ocrx_word' id='word_1_34' title='bbox 391 823 672 903; x_wconf 80' lang='lat' dir='ltr'><strong>recuperaretur.</strong></span> <span class='ocrx_word' id='word_1_35' title='bbox 703 811 779 884; x_wconf 87' lang='lat' dir='ltr'><strong>Sed</strong></span> <span class='ocrx_word' id='word_1_36' title='bbox 796 834 841 885; x_wconf 87' lang='lat' dir='ltr'><strong>ne</strong></span> <span class='ocrx_word' id='word_1_37' title='bbox 857 811 1083 907; x_wconf 71' lang='lat' dir='ltr'><strong>hocquoque</strong></span> 
     </span>
     <span class='ocr_line' id='line_1_7' title="bbox 145 902 1081 998; baseline 0.003 -17"><span class='ocrx_word' id='word_1_38' title='bbox 145 902 404 996; x_wconf 82' lang='lat' dir='ltr'><strong>„succellillet,</strong></span> <span class='ocrx_word' id='word_1_39' title='bbox 426 906 491 981; x_wconf 86' lang='lat' dir='ltr'><strong>nili</strong></span> <span class='ocrx_word' id='word_1_40' title='bbox 505 905 544 982; x_wconf 79' lang='lat' dir='ltr'><strong>dr</strong></span> <span class='ocrx_word' id='word_1_41' title='bbox 560 930 659 984; x_wconf 91' lang='lat' dir='ltr'><strong>mors</strong></span> <span class='ocrx_word' id='word_1_42' title='bbox 673 909 934 998; x_wconf 85' lang='lat' dir='ltr'><strong>intercederet,</strong></span> <span class='ocrx_word' id='word_1_43' title='bbox 948 909 987 985; x_wconf 74' lang='lat' dir='ltr'><strong>tr</strong></span> <span class='ocrx_word' id='word_1_44' title='bbox 1000 931 1081 984; x_wconf 88' lang='lat' dir='ltr'><strong>cor-</strong></span> 
     </span>
     <span class='ocr_line' id='line_1_8' title="bbox 145 1006 1178 1106; baseline 0.008 -29"><span class='ocrx_word' id='word_1_45' title='bbox 145 1006 299 1102; x_wconf 88' lang='lat' dir='ltr'><strong>„ruptio</strong></span> <span class='ocrx_word' id='word_1_46' title='bbox 318 1018 564 1080; x_wconf 83' lang='lat' dir='ltr'><strong>extereretur:</strong></span> <span class='ocrx_word' id='word_1_47' title='bbox 587 1009 684 1082; x_wconf 88' lang='lat' dir='ltr'><strong>unde</strong></span> <span class='ocrx_word' id='word_1_48' title='bbox 700 1008 855 1083; x_wconf 76' lang='lat' dir='ltr'><strong>mortale</strong></span> <span class='ocrx_word' id='word_1_49' title='bbox 871 1031 1004 1106; x_wconf 85' lang='lat' dir='ltr'><strong>corpus</strong></span> <span class='ocrx_word' id='word_1_50' title='bbox 1024 1006 1081 1084; x_wconf 85' lang='lat' dir='ltr'><strong>as·</strong></span> <span class='ocrx_word' id='word_1_51' title='bbox 1174 1060 1178 1067; x_wconf 91' lang='lat'>-</span> 
     </span>
     <span class='ocr_line' id='line_1_9' title="bbox 145 1101 1080 1204; baseline 0.005 -26"><span class='ocrx_word' id='word_1_52' title='bbox 145 1101 343 1202; x_wconf 83' lang='lat' dir='ltr'><strong>„sumpsrt,</strong></span> <span class='ocrx_word' id='word_1_53' title='bbox 365 1117 409 1178; x_wconf 93' lang='lat' dir='ltr'><strong>ut</strong></span> <span class='ocrx_word' id='word_1_54' title='bbox 422 1127 523 1179; x_wconf 83' lang='lat' dir='ltr'><strong>mors</strong></span> <span class='ocrx_word' id='word_1_55' title='bbox 535 1106 765 1202; x_wconf 82' lang='lat' dir='ltr'><strong>imposterum</strong></span> <span class='ocrx_word' id='word_1_56' title='bbox 783 1107 822 1182; x_wconf 93' lang='lat' dir='ltr'><strong>in</strong></span> <span class='ocrx_word' id='word_1_57' title='bbox 845 1107 920 1204; x_wconf 88' lang='lat' dir='ltr'><strong>ipso</strong></span> <span class='ocrx_word' id='word_1_58' title='bbox 940 1106 1080 1183; x_wconf 83' lang='lat' dir='ltr'><strong>delere·</strong></span> 
     </span>
    </p>

    <p class='ocr_par' dir='ltr' id='par_1_4' title="bbox 145 1201 1080 1304">
     <span class='ocr_line' id='line_1_10' title="bbox 145 1201 1080 1304; baseline 0.006 -25"><span class='ocrx_word' id='word_1_59' title='bbox 145 1204 256 1295; x_wconf 79' lang='lat' dir='ltr'><strong>„tur&#39;,</strong></span> <span class='ocrx_word' id='word_1_60' title='bbox 274 1201 317 1277; x_wconf 80' lang='lat' dir='ltr'><strong>dr</strong></span> <span class='ocrx_word' id='word_1_61' title='bbox 347 1201 468 1298; x_wconf 80' lang='lat' dir='ltr'><strong>imago</strong></span> <span class='ocrx_word' id='word_1_62' title='bbox 488 1202 753 1281; x_wconf 80' lang='lat' dir='ltr'><strong>instauraretur.</strong></span> <span class='ocrx_word' id='word_1_63' title='bbox 803 1205 952 1282; x_wconf 86' lang='lat' dir='ltr'><strong>Nullius</strong></span> <span class='ocrx_word' id='word_1_64' title='bbox 967 1207 1080 1304; x_wconf 84' lang='lat' dir='ltr'><strong>igitur</strong></span> 
     </span>
    </p>

    <p class='ocr_par' dir='ltr' id='par_1_5' title="bbox 144 1301 953 1402">
     <span class='ocr_line' id='line_1_11' title="bbox 144 1301 953 1402; baseline 0.005 -24"><span class='ocrx_word' id='word_1_65' title='bbox 144 1303 209 1396; x_wconf 91' lang='lat' dir='ltr'><strong>„id</strong></span> <span class='ocrx_word' id='word_1_66' title='bbox 225 1302 417 1398; x_wconf 86' lang='lat' dir='ltr'><strong>negotium</strong></span> <span class='ocrx_word' id='word_1_67' title='bbox 434 1301 523 1391; x_wconf 74' lang='lat' dir='ltr'><strong>filit,</strong></span> <span class='ocrx_word' id='word_1_68' title='bbox 543 1303 609 1380; x_wconf 88' lang='lat' dir='ltr'><strong>uili</strong></span> <span class='ocrx_word' id='word_1_69' title='bbox 631 1305 801 1402; x_wconf 78' lang='lat' dir='ltr'><strong>imgtnis</strong></span> <span class='ocrx_word' id='word_1_70' title='bbox 823 1306 953 1384; x_wconf 81' lang='lat' dir='ltr'><strong>Patris.</strong></span> 
     </span>
    </p>
   </div>
   <div class='ocr_carea' id='block_1_3' title="bbox 89 1497 1217 3081">
    <p class='ocr_par' dir='ltr' id='par_1_6' title="bbox 138 1497 1200 2191">
     <span class='ocr_line' id='line_1_12' title="bbox 138 1497 1200 1593; baseline 0.006 -21"><span class='ocrx_word' id='word_1_71' title='bbox 138 1556 146 1567; x_wconf 83' lang='lat'>.</span> <span class='ocrx_word' id='word_1_72' title='bbox 197 1524 253 1593; x_wconf 72' lang='lat'>4</span> <span class='ocrx_word' id='word_1_73' title='bbox 279 1497 404 1573; x_wconf 78' lang='lat' dir='ltr'><strong>Tertio</strong></span> <span class='ocrx_word' id='word_1_74' title='bbox 427 1498 619 1586; x_wconf 82' lang='lat' dir='ltr'><strong>„bifariam</strong></span> <span class='ocrx_word' id='word_1_75' title='bbox 634 1499 696 1576; x_wconf 90' lang='lat' dir='ltr'><strong>sua</strong></span> <span class='ocrx_word' id='word_1_76' title='bbox 712 1501 959 1577; x_wconf 87' lang='lat' dir='ltr'><strong>incarnatione</strong></span> <span class='ocrx_word' id='word_1_77' title='bbox 973 1500 1075 1579; x_wconf 87' lang='lat' dir='ltr'><strong>sunm</strong></span> <span class='ocrx_word' id='word_1_78' title='bbox 1097 1498 1200 1589; x_wconf 63' lang='lat' dir='ltr'><strong>Me</strong></span> 
     </span>
     <span class='ocr_line' id='line_1_13' title="bbox 142 1583 1190 1696; baseline 0.002 -26"><span class='ocrx_word' id='word_1_79' title='bbox 142 1595 206 1690; x_wconf 89' lang='lat' dir='ltr'><strong>„in</strong></span> <span class='ocrx_word' id='word_1_80' title='bbox 219 1597 391 1673; x_wconf 81' lang='lat' dir='ltr'><strong>homines</strong></span> <span class='ocrx_word' id='word_1_81' title='bbox 408 1597 563 1675; x_wconf 85' lang='lat' dir='ltr'><strong>studium</strong></span> <span class='ocrx_word' id='word_1_82' title='bbox 574 1602 981 1696; x_wconf 85' lang='lat' dir='ltr'><strong>amoremqueexbibuit</strong></span> <span class='ocrx_word' id='word_1_83' title='bbox 992 1601 1074 1677; x_wconf 88' lang='lat' dir='ltr'><strong>Ser·</strong></span> <span class='ocrx_word' id='word_1_84' title='bbox 1092 1583 1190 1672; x_wconf 57' lang='lat' dir='ltr'><strong>ms*</strong></span> 
     </span>
     <span class='ocr_line' id='line_1_14' title="bbox 141 1696 1146 1796; baseline 0.005 -24"><span class='ocrx_word' id='word_1_85' title='bbox 141 1708 277 1787; x_wconf 85' lang='lat' dir='ltr'><strong>„vator</strong></span> <span class='ocrx_word' id='word_1_86' title='bbox 291 1696 433 1785; x_wconf 89' lang='lat' dir='ltr'><strong>noster,</strong></span> <span class='ocrx_word' id='word_1_87' title='bbox 451 1711 532 1775; x_wconf 89' lang='lat' dir='ltr'><strong>tum</strong></span> <span class='ocrx_word' id='word_1_88' title='bbox 547 1702 632 1796; x_wconf 85' lang='lat' dir='ltr'><strong>quia</strong></span> <span class='ocrx_word' id='word_1_89' title='bbox 644 1712 799 1774; x_wconf 89' lang='lat' dir='ltr'><strong>mortem</strong></span> <span class='ocrx_word' id='word_1_90' title='bbox 815 1724 838 1774; x_wconf 88' lang='lat' dir='ltr'><strong>a</strong></span> <span class='ocrx_word' id='word_1_91' title='bbox 855 1702 961 1775; x_wconf 88' lang='lat' dir='ltr'><strong>nobis</strong></span> <span class='ocrx_word' id='word_1_92' title='bbox 973 1724 1076 1776; x_wconf 83' lang='lat' dir='ltr'><strong>amo·</strong></span> <span class='ocrx_word' id='word_1_93' title='bbox 1140 1698 1146 1711; x_wconf 82' lang='grc'><strong>’</strong></span> 
     </span>
     <span class='ocr_line' id='line_1_15' title="bbox 141 1795 1075 1893; baseline 0.005 -22"><span class='ocrx_word' id='word_1_94' title='bbox 141 1795 260 1887; x_wconf 80' lang='lat' dir='ltr'><strong>„litus</strong></span> <span class='ocrx_word' id='word_1_95' title='bbox 277 1795 381 1872; x_wconf 83' lang='lat' dir='ltr'><strong>est&amp;</strong></span> <span class='ocrx_word' id='word_1_96' title='bbox 397 1820 466 1871; x_wconf 90' lang='lat' dir='ltr'><strong>nos</strong></span> <span class='ocrx_word' id='word_1_97' title='bbox 480 1799 781 1883; x_wconf 61' lang='lat' dir='ltr'><strong>renovavitstum</strong></span> <span class='ocrx_word' id='word_1_98' title='bbox 798 1801 881 1893; x_wconf 86' lang='lat' dir='ltr'><strong>qula</strong></span> <span class='ocrx_word' id='word_1_99' title='bbox 899 1815 1005 1874; x_wconf 85' lang='lat' dir='ltr'><strong>antea</strong></span> <span class='ocrx_word' id='word_1_100' title='bbox 1020 1799 1075 1876; x_wconf 92' lang='lat' dir='ltr'><strong>in·</strong></span> 
     </span>
     <span class='ocr_line' id='line_1_16' title="bbox 140 1894 1073 1994; baseline 0.003 -23"><span class='ocrx_word' id='word_1_101' title='bbox 140 1894 317 1986; x_wconf 78' lang='lat' dir='ltr'><strong>„vilibilis</strong></span> <span class='ocrx_word' id='word_1_102' title='bbox 339 1917 404 1994; x_wconf 89' lang='lat' dir='ltr'><strong>per</strong></span> <span class='ocrx_word' id='word_1_103' title='bbox 426 1918 533 1993; x_wconf 82' lang='lat' dir='ltr'><strong>opera</strong></span> <span class='ocrx_word' id='word_1_104' title='bbox 560 1897 619 1971; x_wconf 91' lang='lat' dir='ltr'><strong>sua</strong></span> <span class='ocrx_word' id='word_1_105' title='bbox 644 1896 678 1970; x_wconf 84' lang='lat' dir='ltr'><strong>se</strong></span> <span class='ocrx_word' id='word_1_106' title='bbox 702 1897 873 1972; x_wconf 81' lang='lat' dir='ltr'><strong>vifibilem</strong></span> <span class='ocrx_word' id='word_1_107' title='bbox 891 1898 1073 1994; x_wconf 82' lang='lat' dir='ltr'><strong>praestitit,</strong></span> 
     </span>
     <span class='ocr_line' id='line_1_17' title="bbox 139 1993 1074 2091; baseline 0.001 -19"><span class='ocrx_word' id='word_1_108' title='bbox 139 2007 341 2091; x_wconf 64' lang='lat' dir='ltr'><strong>,penuque</strong></span> <span class='ocrx_word' id='word_1_109' title='bbox 357 1993 523 2083; x_wconf 89' lang='lat' dir='ltr'><strong>ostendit,</strong></span> <span class='ocrx_word' id='word_1_110' title='bbox 538 1995 573 2069; x_wconf 87' lang='lat' dir='ltr'><strong>se</strong></span> <span class='ocrx_word' id='word_1_111' title='bbox 581 1996 742 2072; x_wconf 89' lang='lat' dir='ltr'><strong>Verbum</strong></span> <span class='ocrx_word' id='word_1_112' title='bbox 757 1997 875 2071; x_wconf 87' lang='lat' dir='ltr'><strong>Patris</strong></span> <span class='ocrx_word' id='word_1_113' title='bbox 893 1997 973 2084; x_wconf 81' lang='lat' dir='ltr'><strong>elie,</strong></span> <span class='ocrx_word' id='word_1_114' title='bbox 994 2020 1074 2073; x_wconf 90' lang='lat' dir='ltr'><strong>om·</strong></span> 
     </span>
     <span class='ocr_line' id='line_1_18' title="bbox 138 2093 1072 2191; baseline 0.003 -21"><span class='ocrx_word' id='word_1_115' title='bbox 138 2095 341 2190; x_wconf 84' lang='lat' dir='ltr'><strong>‚,niumque</strong></span> <span class='ocrx_word' id='word_1_116' title='bbox 359 2093 501 2170; x_wconf 87' lang='lat' dir='ltr'><strong>Ducem</strong></span> <span class='ocrx_word' id='word_1_117' title='bbox 525 2094 563 2171; x_wconf 81' lang='lat' dir='ltr'><strong>dr</strong></span> <span class='ocrx_word' id='word_1_118' title='bbox 589 2095 748 2191; x_wconf 87' lang='lat' dir='ltr'><strong>Regem,</strong></span> <span class='ocrx_word' id='word_1_119' title='bbox 771 2097 961 2169; x_wconf 87' lang='lat' dir='ltr'><strong>nonenim</strong></span> <span class='ocrx_word' id='word_1_120' title='bbox 987 2117 1072 2173; x_wconf 88' lang='lat' dir='ltr'><strong>cum</strong></span> 
     </span>
    </p>

    <p class='ocr_par' dir='ltr' id='par_1_7' title="bbox 136 2193 1153 2400">
     <span class='ocr_line' id='line_1_19' title="bbox 137 2193 1076 2289; baseline 0.003 -21"><span class='ocrx_word' id='word_1_121' title='bbox 137 2195 200 2286; x_wconf 90' lang='lat' dir='ltr'><strong>‚,in</strong></span> <span class='ocrx_word' id='word_1_122' title='bbox 217 2215 371 2289; x_wconf 86' lang='lat' dir='ltr'><strong>corpore</strong></span> <span class='ocrx_word' id='word_1_123' title='bbox 386 2193 532 2282; x_wconf 85' lang='lat' dir='ltr'><strong>aderat,</strong></span> <span class='ocrx_word' id='word_1_124' title='bbox 557 2194 644 2269; x_wconf 88' lang='lat' dir='ltr'><strong>alibi</strong></span> <span class='ocrx_word' id='word_1_125' title='bbox 663 2193 806 2279; x_wconf 86' lang='lat' dir='ltr'><strong>deerat,</strong></span> <span class='ocrx_word' id='word_1_126' title='bbox 832 2193 889 2267; x_wconf 88' lang='lat' dir='ltr'><strong>sed</strong></span> <span class='ocrx_word' id='word_1_127' title='bbox 905 2195 1028 2271; x_wconf 85' lang='lat' dir='ltr'><strong>omnia</strong></span> <span class='ocrx_word' id='word_1_128' title='bbox 1047 2217 1076 2279; x_wconf 69' lang='lat' dir='ltr'><strong>a,</strong></span> 
     </span>
     <span class='ocr_line' id='line_1_20' title="bbox 136 2292 1153 2400; baseline -0.001 -32"><span class='ocrx_word' id='word_1_129' title='bbox 136 2293 312 2400; x_wconf 68' lang='lat' dir='ltr'><strong>„nemine</strong></span> <span class='ocrx_word' id='word_1_130' title='bbox 333 2305 525 2368; x_wconf 88' lang='lat' dir='ltr'><strong>contentus</strong></span> <span class='ocrx_word' id='word_1_131' title='bbox 542 2294 771 2380; x_wconf 89' lang='lat' dir='ltr'><strong>continebat,</strong></span> <span class='ocrx_word' id='word_1_132' title='bbox 795 2292 833 2368; x_wconf 79' lang='lat' dir='ltr'><strong>dc</strong></span> <span class='ocrx_word' id='word_1_133' title='bbox 851 2293 887 2367; x_wconf 92' lang='lat' dir='ltr'><strong>in</strong></span> <span class='ocrx_word' id='word_1_134' title='bbox 908 2292 981 2367; x_wconf 89' lang='lat' dir='ltr'><strong>solo</strong></span> <span class='ocrx_word' id='word_1_135' title='bbox 1000 2293 1071 2393; x_wconf 85' lang='lat' dir='ltr'><strong>Pa·</strong></span> <span class='ocrx_word' id='word_1_136' title='bbox 1150 2382 1153 2391; x_wconf 25' lang='grc' dir='ltr'>Ι</span> 
     </span>
    </p>

    <p class='ocr_par' dir='ltr' id='par_1_8' title="bbox 89 2390 1217 2885">
     <span class='ocr_line' id='line_1_21' title="bbox 89 2390 1217 2488; baseline -0.002 -19"><span class='ocrx_word' id='word_1_137' title='bbox 89 2420 91 2433; x_wconf 72' lang='grc'><strong>’</strong></span> <span class='ocrx_word' id='word_1_138' title='bbox 135 2407 221 2484; x_wconf 87' lang='lat' dir='ltr'><strong>„tre</strong></span> <span class='ocrx_word' id='word_1_139' title='bbox 246 2404 349 2466; x_wconf 87' lang='lat' dir='ltr'><strong>totus</strong></span> <span class='ocrx_word' id='word_1_140' title='bbox 370 2390 408 2467; x_wconf 81' lang='lat' dir='ltr'><strong>dr</strong></span> <span class='ocrx_word' id='word_1_141' title='bbox 429 2391 570 2487; x_wconf 90' lang='lat' dir='ltr'><strong>integer</strong></span> <span class='ocrx_word' id='word_1_142' title='bbox 593 2404 800 2488; x_wconf 89' lang='lat' dir='ltr'><strong>permanet,</strong></span> <span class='ocrx_word' id='word_1_143' title='bbox 822 2391 860 2466; x_wconf 77' lang='lat' dir='ltr'><strong>&#39;dr</strong></span> <span class='ocrx_word' id='word_1_144' title='bbox 879 2393 990 2467; x_wconf 87' lang='lat' dir='ltr'><strong>homo</strong></span> <span class='ocrx_word' id='word_1_145' title='bbox 1014 2391 1070 2467; x_wconf 83' lang='lat' dir='ltr'><strong>la·</strong></span> <span class='ocrx_word' id='word_1_146' title='bbox 1207 2442 1217 2457; x_wconf 62' lang='lat'>„</span> 
     </span>
     <span class='ocr_line' id='line_1_22' title="bbox 133 2490 1070 2588; baseline -0.002 -20"><span class='ocrx_word' id='word_1_147' title='bbox 133 2491 242 2583; x_wconf 75' lang='lat' dir='ltr'><strong>„eus</strong></span> <span class='ocrx_word' id='word_1_148' title='bbox 258 2490 425 2588; x_wconf 84' lang='lat' dir='ltr'><strong>quamvis</strong></span> <span class='ocrx_word' id='word_1_149' title='bbox 447 2490 486 2564; x_wconf 90' lang='lat' dir='ltr'><strong>iu</strong></span> <span class='ocrx_word' id='word_1_150' title='bbox 507 2514 657 2588; x_wconf 86' lang='lat' dir='ltr'><strong>corpore</strong></span> <span class='ocrx_word' id='word_1_151' title='bbox 676 2491 795 2566; x_wconf 89' lang='lat' dir='ltr'><strong>latens</strong></span> <span class='ocrx_word' id='word_1_152' title='bbox 816 2492 966 2566; x_wconf 84' lang='lat' dir='ltr'><strong>minime</strong></span> <span class='ocrx_word' id='word_1_153' title='bbox 982 2516 1070 2566; x_wconf 89' lang='lat' dir='ltr'><strong>con·</strong></span> 
     </span>
     <span class='ocr_line' id='line_1_23' title="bbox 134 2589 1200 2689; baseline -0.001 -23"><span class='ocrx_word' id='word_1_154' title='bbox 134 2592 307 2689; x_wconf 83' lang='lat' dir='ltr'><strong>„spicuus</strong></span> <span class='ocrx_word' id='word_1_155' title='bbox 328 2589 389 2677; x_wconf 87' lang='lat' dir='ltr'><strong>fit,</strong></span> <span class='ocrx_word' id='word_1_156' title='bbox 414 2601 537 2665; x_wconf 88' lang='lat' dir='ltr'><strong>tamen</strong></span> <span class='ocrx_word' id='word_1_157' title='bbox 561 2615 609 2665; x_wconf 84' lang='lat' dir='ltr'><strong>ex</strong></span> <span class='ocrx_word' id='word_1_158' title='bbox 635 2591 803 2685; x_wconf 87' lang='lat' dir='ltr'><strong>operibus</strong></span> <span class='ocrx_word' id='word_1_159' title='bbox 829 2590 1068 2684; x_wconf 77' lang='lat' dir='ltr'><strong>cognoscitur,</strong></span> <span class='ocrx_word' id='word_1_160' title='bbox 1198 2620 1200 2627; x_wconf 94' lang='lat'>·</span> 
     </span>
     <span class='ocr_line' id='line_1_24' title="bbox 132 2686 1160 2787; baseline 0 -21"><span class='ocrx_word' id='word_1_161' title='bbox 132 2686 250 2782; x_wconf 85' lang='lat' dir='ltr'><strong>„enm</strong></span> <span class='ocrx_word' id='word_1_162' title='bbox 263 2714 338 2764; x_wconf 91' lang='lat' dir='ltr'><strong>non</strong></span> <span class='ocrx_word' id='word_1_163' title='bbox 354 2710 483 2787; x_wconf 88' lang='lat' dir='ltr'><strong>purum</strong></span> <span class='ocrx_word' id='word_1_164' title='bbox 503 2689 708 2777; x_wconf 88' lang='lat' dir='ltr'><strong>hominem,</strong></span> <span class='ocrx_word' id='word_1_165' title='bbox 734 2687 793 2763; x_wconf 86' lang='lat' dir='ltr'><strong>sed</strong></span> <span class='ocrx_word' id='word_1_166' title='bbox 810 2687 969 2764; x_wconf 80' lang='lat' dir='ltr'><strong>Verbum</strong></span> <span class='ocrx_word' id='word_1_167' title='bbox 1000 2688 1069 2766; x_wconf 91' lang='lat' dir='ltr'><strong>Dei</strong></span> <span class='ocrx_word' id='word_1_168' title='bbox 1149 2706 1160 2713; x_wconf 78' lang='grc'><strong><em>’</em></strong></span> 
     </span>
     <span class='ocr_line' id='line_1_25' title="bbox 133 2786 1068 2885; baseline -0.003 -21"><span class='ocrx_word' id='word_1_169' title='bbox 133 2788 253 2880; x_wconf 71' lang='lat' dir='ltr'><strong>„effer</strong></span> <span class='ocrx_word' id='word_1_170' title='bbox 274 2812 361 2864; x_wconf 88' lang='lat' dir='ltr'><strong>nam</strong></span> <span class='ocrx_word' id='word_1_171' title='bbox 377 2786 558 2885; x_wconf 88' lang='lat' dir='ltr'><strong>expellere</strong></span> <span class='ocrx_word' id='word_1_172' title='bbox 574 2789 782 2873; x_wconf 80' lang='lat' dir='ltr'><strong>daemones,</strong></span> <span class='ocrx_word' id='word_1_173' title='bbox 805 2788 952 2862; x_wconf 89' lang='lat' dir='ltr'><strong>morbos</strong></span> <span class='ocrx_word' id='word_1_174' title='bbox 969 2786 1068 2861; x_wconf 87' lang='lat' dir='ltr'><strong>lana·</strong></span> 
     </span>
    </p>

    <p class='ocr_par' dir='ltr' id='par_1_9' title="bbox 131 2885 1195 3081">
     <span class='ocr_line' id='line_1_26' title="bbox 131 2885 1120 2983; baseline 0 -20"><span class='ocrx_word' id='word_1_175' title='bbox 131 2909 222 2983; x_wconf 91' lang='lat' dir='ltr'><strong>,;re,</strong></span> <span class='ocrx_word' id='word_1_176' title='bbox 246 2908 368 2963; x_wconf 81' lang='lat' dir='ltr'><strong>coecos</strong></span> <span class='ocrx_word' id='word_1_177' title='bbox 390 2909 413 2962; x_wconf 89' lang='lat' dir='ltr'><strong>a</strong></span> <span class='ocrx_word' id='word_1_178' title='bbox 435 2887 628 2967; x_wconf 84' lang='lat' dir='ltr'><strong>nativitate</strong></span> <span class='ocrx_word' id='word_1_179' title='bbox 648 2886 853 2964; x_wconf 86' lang='lat' dir='ltr'><strong>illuminare</strong></span> <span class='ocrx_word' id='word_1_180' title='bbox 872 2885 909 2962; x_wconf 76' lang='grc' dir='ltr'><strong>δι</strong></span> <span class='ocrx_word' id='word_1_181' title='bbox 928 2885 1068 2981; x_wconf 76' lang='lat' dir='ltr'><strong>reliqua</strong></span> <span class='ocrx_word' id='word_1_182' title='bbox 1113 2908 1120 2923; x_wconf 50' lang='lat'>⁸</span> 
     </span>
     <span class='ocr_line' id='line_1_27' title="bbox 131 2984 1195 3081; baseline -0.004 -18"><span class='ocrx_word' id='word_1_183' title='bbox 131 2989 249 3081; x_wconf 86' lang='lat' dir='ltr'><strong>„satis</strong></span> <span class='ocrx_word' id='word_1_184' title='bbox 286 2984 552 3079; x_wconf 82' lang='lat' dir='ltr'><strong>demonstrant,</strong></span> <span class='ocrx_word' id='word_1_185' title='bbox 594 3009 678 3065; x_wconf 90' lang='lat' dir='ltr'><strong>eum</strong></span> <span class='ocrx_word' id='word_1_186' title='bbox 719 2992 919 3063; x_wconf 87' lang='lat' dir='ltr'><strong>creatorem</strong></span> <span class='ocrx_word' id='word_1_187' title='bbox 958 2996 1066 3061; x_wconf 88' lang='lat' dir='ltr'><strong>uatu-</strong></span> <span class='ocrx_word' id='word_1_188' title='bbox 1189 3070 1195 3081; x_wconf 33' lang='grc' dir='ltr'><strong><em>Ι</em></strong></span> 
     </span>
    </p>
   </div>
   <div class='ocr_carea' id='block_1_4' title="bbox 129 3085 317 3184">
    <p class='ocr_par' dir='ltr' id='par_1_10' title="bbox 129 3085 317 3184">
     <span class='ocr_line' id='line_1_28' title="bbox 129 3085 317 3184; baseline 0 -17"><span class='ocrx_word' id='word_1_189' title='bbox 129 3109 214 3184; x_wconf 81' lang='lat' dir='ltr'><strong>„rae</strong></span> <span class='ocrx_word' id='word_1_190' title='bbox 237 3085 317 3167; x_wconf 81' lang='lat' dir='ltr'><strong>effe.</strong></span> 
     </span>
    </p>
   </div>
   <div class='ocr_carea' id='block_1_5' title="bbox 129 3243 1218 3883">
    <p class='ocr_par' dir='ltr' id='par_1_11' title="bbox 129 3243 1207 3856">
     <span class='ocr_line' id='line_1_29' title="bbox 207 3243 1207 3382; baseline -0.017 -18"><span class='ocrx_word' id='word_1_191' title='bbox 207 3306 254 3380; x_wconf 82' lang='lat'><strong>5.·</strong></span> <span class='ocrx_word' id='word_1_192' title='bbox 281 3286 425 3372; x_wconf 77' lang='lat' dir='ltr'><strong>Quarto</strong></span> <span class='ocrx_word' id='word_1_193' title='bbox 447 3281 765 3382; x_wconf 86' lang='lat' dir='ltr'><strong>„quandoquidem</strong></span> <span class='ocrx_word' id='word_1_194' title='bbox 789 3243 881 3360; x_wconf 68' lang='lat' dir='ltr'><strong>uero,</strong></span> <span class='ocrx_word' id='word_1_195' title='bbox 901 3278 1063 3354; x_wconf 89' lang='lat' dir='ltr'><strong>debiturn</strong></span> <span class='ocrx_word' id='word_1_196' title='bbox 1082 3286 1207 3375; x_wconf 14' lang='lat' dir='ltr'><strong>&amp;Quam</strong></span> 
     </span>
     <span class='ocr_line' id='line_1_30' title="bbox 130 3371 1178 3493; baseline -0.023 -30"><span class='ocrx_word' id='word_1_197' title='bbox 130 3407 226 3484; x_wconf 89' lang='lat' dir='ltr'><strong>„pro</strong></span> <span class='ocrx_word' id='word_1_198' title='bbox 245 3384 413 3460; x_wconf 87' lang='lat' dir='ltr'><strong>omnibus</strong></span> <span class='ocrx_word' id='word_1_199' title='bbox 430 3381 640 3460; x_wconf 81' lang='lat' dir='ltr'><strong>solvendum</strong></span> <span class='ocrx_word' id='word_1_200' title='bbox 655 3394 751 3468; x_wconf 88' lang='lat' dir='ltr'><strong>erat,</strong></span> <span class='ocrx_word' id='word_1_201' title='bbox 770 3379 903 3455; x_wconf 89' lang='lat' dir='ltr'><strong>scilicet</strong></span> <span class='ocrx_word' id='word_1_202' title='bbox 920 3391 963 3493; x_wconf 79' lang='lat' dir='ltr'><strong>ut</strong></span> <span class='ocrx_word' id='word_1_203' title='bbox 985 3402 1061 3453; x_wconf 91' lang='lat' dir='ltr'><strong>om·</strong></span> <span class='ocrx_word' id='word_1_204' title='bbox 1081 3371 1178 3458; x_wconf 69' lang='lat' dir='ltr'><strong>muse</strong></span> 
     </span>
     <span class='ocr_line' id='line_1_31' title="bbox 130 3476 1065 3677; baseline -0.013 -17"><span class='ocrx_word' id='word_1_205' title='bbox 130 3503 232 3658; x_wconf 52' lang='lat' dir='ltr'><strong>”iii</strong></span> <span class='ocrx_word' id='word_1_206' title='bbox 248 3476 1065 3677; x_wconf 53' lang='lat' dir='ltr'><strong>mllfi‘lllbllbffllbl55l0lllffibl</strong></span> 
     </span>
     <span class='ocr_line' id='line_1_32' title="bbox 129 3604 1149 3856; baseline -0.036 -78"><span class='ocrx_word' id='word_1_207' title='bbox 129 3607 253 3781; x_wconf 46' lang='lat' dir='ltr'><strong>:ifgira</strong></span> <span class='ocrx_word' id='word_1_208' title='bbox 281 3604 483 3761; x_wconf 58' lang='lat' dir='ltr'><strong>divinitatis</strong></span> <span class='ocrx_word' id='word_1_209' title='bbox 509 3662 581 3760; x_wconf 76' lang='lat' dir='ltr'><strong>luae</strong></span> <span class='ocrx_word' id='word_1_210' title='bbox 605 3635 842 3856; x_wconf 52' lang='lat' dir='ltr'><strong>rlnonumenta</strong></span> <span class='ocrx_word' id='word_1_211' title='bbox 865 3678 1065 3853; x_wconf 55' lang='lat' dir='ltr'><strong>reliquunt:lg</strong></span> <span class='ocrx_word' id='word_1_212' title='bbox 1144 3710 1149 3726; x_wconf 40' lang='grc' dir='ltr'><strong>κ</strong></span> 
     </span>
    </p>

    <p class='ocr_par' dir='ltr' id='par_1_12' title="bbox 470 3804 1218 3883">
     <span class='ocr_line' id='line_1_33' title="bbox 470 3804 1218 3883; baseline -0.043 8"><span class='ocrx_word' id='word_1_213' title='bbox 470 3870 473 3877; x_wconf 94' lang='grc'>-</span> <span class='ocrx_word' id='word_1_214' title='bbox 667 3804 693 3883; x_wconf 87' lang='lat'>4</span> <span class='ocrx_word' id='word_1_215' title='bbox 996 3824 1021 3868; x_wconf 77' lang='lat' dir='ltr'><strong>rr</strong></span> <span class='ocrx_word' id='word_1_216' title='bbox 1169 3853 1171 3859; x_wconf 81' lang='lat'>.</span> <span class='ocrx_word' id='word_1_217' title='bbox 1216 3806 1218 3811; x_wconf 83' lang='grc'>’</span> 
     </span>
    </p>
   </div>
   <div class='ocr_carea' id='block_1_6' title="bbox 0 0 1238 4358">
    <p class='ocr_par' dir='ltr' id='par_1_13' title="bbox 0 0 1238 4358">
     <span class='ocr_line' id='line_1_34' title="bbox 0 0 1238 4358; baseline 0 6"><span class='ocrx_word' id='word_1_218' title='bbox 0 0 1238 4358; x_wconf 95' lang='lat' dir='ltr'><strong> </strong></span> 
     </span>
    </p>
   </div>
  </div>
 </body>
</html>
