2468 4358
190 200 611 381 S.AthnnofiiOrario
634 282 770 359 contra
784 279 926 374 gentes.
949 296 957 347 t
984 288 1070 381 ,141
1201 392 1205 413 Ι

134 450 237 553 qnod
264 451 449 528 frumenta
473 472 520 525 ex
541 447 702 547 AEgyptn
725 447 1070 548 Constantinopolim

134 551 246 645 avehi
271 550 410 637 nollet,
440 548 485 624 ab
500 551 718 646 Imperatore
731 547 904 624 Trevirim
930 550 967 625 in
992 551 1070 625 exi-

133 653 226 729 lium
251 649 438 745 relegatus
460 647 549 735 fuit,
571 669 679 744 aquo
705 648 780 744 post
797 670 931 723 annum
949 647 987 725 ὅ(
1008 648 1069 723 sex

132 748 278 827 menses
299 771 321 824 a
339 745 571 823 Constantino
592 744 733 842 juniore
748 761 938 825 revocatus
961 749 999 822 in
1017 747 1069 823 ie·

132 852 219 925 dem
236 847 341 922 inam
354 844 538 921 restitutus
550 844 641 932 fuit,
663 868 711 920 ex
726 867 796 941 qua
812 860 935 921 tamen
948 847 1068 923 denuo

132 972 178 1023 ex
200 946 356 1023 decreto
374 944 528 1020 Concilii
547 942 765 1037 Antiocheni
784 968 880 1020 anno
898 969 965 1041 341
996 945 1068 1043 eje·

130 1044 209 1123 stus
228 1043 276 1121 dt
297 1045 496 1138 Gregorius
513 1041 709 1151 Cappadox
734 1046 771 1118 in
788 1042 866 1140 ejus
882 1044 1000 1121 sedem
1022 1047 1067 1123 ab
1199 1046 1202 1057 '

131 1144 285 1223 Arianis
310 1143 467 1217 intrusus
484 1142 553 1228 est,
586 1164 709 1217 verum
723 1142 813 1238 jnrsu
827 1141 912 1242 Julii
932 1143 1068 1219 Roma·

131 1246 166 1321 ni
183 1241 379 1320 pontificis
397 1242 435 1319 dt
453 1241 592 1338 Synodi
608 1241 783 1317 Romanae
804 1265 899 1316 anno
917 1266 987 1341 347
1006 1246 1069 1318 ab·

131 1342 276 1419 inlutus
293 1340 486 1417 &decreto
497 1340 637 1438 Synodi
650 1340 870 1416 Sardicensrs
885 1340 1067 1419 restitutus
1180 1348 1183 1357 '

130 1442 221 1533 fuit,
248 1440 373 1517 rursus
397 1453 519 1515 autem
541 1440 730 1537 aSynodo
744 1439 945 1515 Arelatensi
969 1464 1066 1517 anno

133 1566 206 1639 353
234 1538 273 1617 dt
289 1535 548 1616 Mediolanensi
576 1561 672 1613 anno
693 1562 763 1636 355
790 1537 977 1638 expulsus,
1003 1538 1065 1617 sub

126 1640 281 1715 ..iuliano
303 1636 476 1736 Apostata
498 1636 682 1726 reversae,
713 1637 772 1713 sed
796 1662 892 1714 anno
908 1644 979 1735 362
1004 1639 1067 1715 de·

125 1764 208 1825 ¹nuo
236 1735 391 1832 ejedtus,
425 1735 463 1812 dr
481 1759 505 1810 a
520 1736 670 1835 Joviano
686 1740 904 1835 imperatore
920 1761 1068 1815 revoca·

135 1852 220 1927 tus,
244 1836 285 1913 δι
302 1860 325 1912 a
342 1835 499 1913 Valente
515 1838 732 1932 Imperatore
750 1860 864 1913 novas
881 1838 1068 1915 calamita·
1193 1844 1196 1853 '

133 1949 191 2015 tes
208 1934 393 2035 perpessus
418 1936 565 2010 demum
588 1936 681 2010 circa
698 1956 793 2010 anno
810 1962 881 2035 372
897 1937 1068 2033 migravit

134 2036 172 2115 in
213 2034 374 2122 coelum,
418 2032 602 2131 postquam
626 2033 912 2113 Alexandrinam
941 2034 1069 2111 Eccle-

135 2134 224 2211 stam
237 2138 288 2233 46
313 2131 417 2209 annis
442 2130 644 2221 santiiiiime
664 2133 896 2228 gnbernaiiet.
947 2135 1069 2232 Scrip-

135 2248 171 2313 ta
186 2234 229 2311 S.
245 2230 434 2307 Athanafii
457 2253 539 2329 quae
557 2232 652 2307 inter
675 2233 768 2308 alios
790 2234 828 2311 S.
843 2232 997 2309 Basilina
1018 2260 1067 2334 ep.

158 2330 341 2421 gsumme
373 2330 613 2427 depraedicat,
651 2333 767 2429 primo
796 2333 893 2407 edita
923 2335 1070 2410 fuerunt

134 2360 318 2513 {licentia
339 2428 530 2505 aCelsano
552 2453 611 2504 an.
631 2445 736 2528 1482.
773 2430 917 2507 Novam
940 2435 1069 2509 editio·

135 2555 220 2608 nem
245 2528 399 2605 latinam
421 2528 612 2605 adornavit
628 2529 792 2605 Nannius
808 2530 980 2607 Professor
995 2530 1070 2607 Lo·

136 2626 315 2706 raniensis
339 2651 435 2702 anno
457 2643 549 2723 1558
574 2627 723 2723 &1664
748 2627 900 2705 ssafireae
923 2629 1070 2729 impres·

135 2726 221 2807 inm.
273 2726 395 2803 Prima
408 2727 538 2801 Graeca
554 2726 684 2800 horum
702 2750 850 2823 operum
883 2730 995 2804 editio
1019 2730 1069 2808 est
1212 2802 1223 2813 ,

136 2826 428 2907 Commeliniana
456 2848 515 2900 an.
537 2832 630 2901 1600
652 2822 915 2922 Heidelbergae.
967 2826 1069 2925 Opti·

134 2951 193 3005 ma
218 2926 334 3002 editio
351 2923 400 2998 est
419 2923 801 3021 Parisrensrsan.1098
823 2927 860 2999 in
879 2939 1012 3021 3.tom.
1031 2927 1069 3001 in

134 3026 319 3120 iniquam
328 3023 529 3122 D.Jncobus
538 3024 591 3097 Lo
617 3023 698 3096 inus
706 3024 1069 3121 Beneditt.Congreg.

110 3100 113 3207 f
135 3120 180 3203 S.
192 3122 318 3199 Mauri
343 3123 497 3219 incepit,
522 3121 561 3198 δι
581 3047 626 3196 O.
644 3121 882 3199 Montfaucon
897 3123 1069 3219 absolvit;

110 3254 112 3303 ;
134 3222 309 3323 inprime
325 3220 363 3297 δι
381 3221 535 3295 secundo
561 3234 662 3295 tomo
688 3244 797 3317 opera
819 3222 857 3296 S.
880 3221 1069 3300 Athanasii

110 3328 112 3379 ἱ
135 3324 312 3421 genuina:
347 3320 386 3394 in
402 3323 510 3394 tertio
527 3321 636 3396 dubia
653 3319 690 3395 dr
708 3320 924 3417 suppoiititia
953 3326 1069 3399 conti·

110 3422 113 3441 '
135 3436 280 3497 nentur.
330 3418 448 3517 Opera
468 3418 506 3493 S.
526 3418 714 3493 Athanasii
737 3422 894 3515 genuina
914 3420 995 3497 sunt
1016 3423 1068 3495 se·

155 3521 295 3597 nentia.
349 3542 381 3593 r.
406 3516 531 3593 Oratio
553 3533 679 3593 contra
692 3534 831 3614 gentes,
884 3547 919 3596 2.
941 3520 1067 3596 Oratio

110 3624 112 3703 ξ
158 3643 180 3695 e
203 3620 366 3695 humana
394 3631 523 3694 natura
551 3640 574 3691 a
595 3618 705 3691 verbo
728 3617 921 3715 assirrnpta,
957 3619 995 3696 &
1020 3621 1067 3694 de

110 3726 112 3743 '
137 3718 214 3819 ejus
237 3738 302 3821 per
329 3738 467 3817 corpus·
484 3716 533 3793 ad
555 3739 624 3793 nos
645 3715 824 3794 advento:
848 3715 921 3797 sive
942 3719 988 3794 de
1009 3718 1066 3791 ln·

990 3836 1068 3892 cai·
