2468 4358
112 294 155 377 .“
214 298 247 305 “’
312 271 390 363 ,Βο
407 230 758 392 linguinensis,
854 264 859 271 ’
912 248 995 360 ¹rr

56 467 220 559 „petunt
251 457 422 536 stationes
451 444 659 547 voluntate,
699 471 895 558 quamnam
918 456 992 573 ‚ips¹

57 558 292 658 „prophetici
337 561 438 636 chori
483 560 759 659 praerogatiuam
807 554 998 655 agnoscit?

56 682 173 751 „oum
200 659 372 734 omnibus
394 658 672 736 slmilemillum
696 659 873 744 enuntiat.
935 654 999 733 su

57 758 163 849 „non
189 756 386 854 intelligit,
416 758 578 836 Verbum
601 758 668 834 elie
692 758 730 835 dr
754 757 901 843 Deum,
937 755 1000 853 qui

57 884 161 952 „non
178 870 259 932 tam
274 856 487 950 voluptate,
513 880 624 956 quam
640 858 843 934 divinitatis
865 857 902 932 vi
922 852 1011 933 orn·¹
1084 866 1087 871 ’
1158 938 1163 951 ,
1186 854 1199 905 '·

57 960 147 1050 suia
164 954 274 1035 simul
290 970 476 1059 penetrat,
502 957 566 1034 etfi
582 956 770 1056 speiiabile
786 957 891 1034 suum
907 967 1001 1030 tem·

58 1058 213 1156 „plurn,
243 1068 286 1133 ut
300 1054 546 1135 dissolveretur
565 1056 735 1158 permisit,
760 1054 836 1155 poli
851 1056 1003 1131 tertium
1082 1098 1085 1103 ·

58 1159 189 1246 ‚diem
217 1156 415 1246 excitavit,
440 1159 563 1234 anima
581 1156 781 1234 veroillius
798 1156 835 1231 in
856 1153 1001 1231 infimas
1068 1236 1074 1257 p

59 1270 198 1347 ,.terrae
208 1268 331 1352 partes
339 1256 536 1334 deveniens
549 1257 689 1334 ammas
702 1257 752 1334 ibi
761 1256 1015 1353 detentasexe
1112 1341 1113 1344 p

60 1357 224 1446 „traxitz
249 1354 339 1431 sicut
354 1354 392 1432 ἀ
409 1358 495 1432 inde
510 1355 663 1432 latronis
686 1356 846 1431 animam
870 1352 1002 1428 eodem

60 1456 147 1546 „die
182 1455 222 1530 in
255 1454 460 1553 paradisum
484 1454 705 1534 introduxit.
757 1455 855 1550 Ergo
880 1451 906 1527 sr
931 1448 1003 1528 Dei

60 1554 257 1645 „Verbum
287 1553 489 1631 divinitatis
512 1553 586 1631 suae
609 1554 773 1654 potentia
794 1553 920 1630 omnia
947 1570 1005 1626 re-

60 1655 190 1753 „plet,
219 1652 486 1752 impiiquidem
511 1654 613 1741 sunt,
634 1653 696 1752 qui
722 1649 926 1729 existimant
948 1650 1004 1725 lo·
1119 1648 1123 1663 “

62 1755 123 1845 „ci
148 1753 275 1849 aliqua
299 1765 402 1852 parte
426 1753 667 1831 determinata
688 1750 919 1831 divinitatem
933 1749 1005 1826 cir·
1101 1810 1103 1815 .
1175 1763 1184 1781 ⁸

62 1852 304 1947 „cumsoribi,
335 1852 375 1930 dr
400 1852 660 1931 inconfider'ate
686 1852 860 1950 Origenes
886 1848 1005 1948 loqui·
1067 1847 1090 1867 ''
1122 1934 1174 1951 .„.

63 1962 177 2043 stur,
204 1950 332 2027 dicens
341 1958 367 2041 ,³
376 1948 556 2031 Christum
581 1953 668 2029 dum
692 1951 739 2027 ad
761 1939 1006 2045 intimantes·
1095 1949 1129 2055 ᾗ
1150 1958 1175 1997 “·-

63 2074 145 2141 „rae
161 2064 285 2148 partes
302 2051 507 2143 deveniliet,
522 2052 711 2130 voluntate
728 2051 890 2153 superius
905 2070 1007 2124 corn·
1055 2130 1058 2135 ,
1116 2055 1126 2133 ἒ
1156 2048 1179 2079 ’·

63 2162 280 2241 ,moratum
302 2150 426 2240 soille,
459 2175 545 2230 oum
569 2151 773 2231 ‹iivimtatis
795 2147 1007 2252 operatione
1084 2176 1087 2181 ·

60 2251 221 2343 ,omnia
245 2250 381 2350 ubique
397 2252 608 2352 compleret.
793 2274 798 2287 ‘
1029 2270 1032 2277 ’

65 2476 68 2481 ·
89 2490 92 2495 ·
144 2474 205 2525 rs.
234 2447 444 2539 „Praeterea
459 2448 724 2546 grandiloquus
740 2448 915 2546 Origenes
931 2468 1005 2525 non
1022 2461 1172 2552 σήμ,

44 2634 49 2641 ,
64 2548 278 2639 „dubitavit
291 2547 424 2636 dicere,
442 2547 665 2625 daemonium
680 2572 753 2623 non
766 2561 909 2625 tantum
917 2546 1004 2623 Pro·
1019 2551 1177 2654 allegoriis

62 2650 220 2745 „phetae
231 2648 394 2725 animam
412 2647 560 2735 eduxit,
585 2647 644 2723 led
660 2648 811 2742 angelos
834 2650 923 2725 item
943 2645 1006 2722 de·
1018 2658 1052 2702 m
1069 2631 1170 2734 Μ’·

65 2749 192 2839 „snut
216 2746 407 2823 arcessire
425 2746 534 2824 smus
554 2771 639 2823 cum
661 2747 809 2825 urorum
826 2721 1186 2846 spiritum-W·

64 2872 184 2938 ·,·,cum
200 2859 280 2922 toto
296 2846 509 2922 Saniiorum
525 2847 660 2937 choro,
676 2850 760 2943 quia
782 2848 1008 2947 Pythoman·
1018 2814 1123 2899 '‘m'‘

64 2948 146 3040 ,sis
161 2947 236 3036 ait,
258 2945 293 3020 se
312 2945 402 3021 deos
418 2946 632 3045 conspexilie
647 2946 881 3022 ascendentes
897 2970 920 3021 e
936 2959 1010 3021 ter·
1032 3010 1040 3029 ,.
1167 2974 1170 2979 ·

68 3071 171 3139 ‚,ra,-
184 3058 228 3121 ut
253 3045 501 3122 laborantibus
526 3047 768 3122 mederentur.
801 3114 805 3120 .
826 3045 889 3123 Sic
905 3042 1011 3122 mise-

68 3169 139 3239 „re
176 3144 303 3221 [antiis
339 3146 548 3222 hominibus
580 3144 792 3238 insultavit:
846 3143 1010 3241 Angelo-

66 3252 183 3340 ·„rum'
206 3246 295 3321 item
317 3247 504 3335 ordinem,
536 3245 598 3342 qui
621 3267 685 3342 per
708 3244 842 3321 coelum
868 3242 1010 3331 volant,

12 3398 16 3409 ·
69 3345 199 3440 „male
214 3338 368 3420 tratiare
383 3368 455 3420 non
471 3343 521 3426 eli
541 3345 705 3419 veritus:
721 3344 781 3419 vei
797 3343 924 3421 saltem
937 3367 1010 3431 un·

10 3998 282 4321 i,

70 3448 234 3540 „denam
253 3444 400 3529 habuit,
417 3470 437 3518 e
455 3453 552 3520 terra
569 3443 720 3538 angelos
735 3445 773 3520 in
791 3443 895 3520 coelis
911 3466 1011 3519 come

67 3555 292 3641 „morantes
325 3543 529 3621 ascendere.
604 3543 677 3618 Sed
715 3543 915 3641 Origenes,
950 3542 1012 3642 qui

71 3645 228 3738 „omnia
254 3641 435 3743 scripturae
474 3642 583 3717 verba
615 3641 800 3737 allegoriis
832 3663 1014 3741 exponere
1109 3717 1142 3749 ¹.

71 3746 213 3845 „aulus
230 3742 301 3843 est,
325 3744 396 3823 hoo
410 3743 525 3828 solum
540 3742 588 3822 ad
601 3741 762 3826 litteram
778 3742 921 3824 tradere
938 3765 1012 3921 nrpp

777 3883 779 3888 ’
903 3863 951 3941 ire
995 3877 1012 3908 '
