2468 4358
312 222 552 370 'Sermones
580 231 629 319 ad
656 156 925 320 Monachum
1018 255 1087 359 *μΙ
1147 309 1151 314 ,

141 435 253 513 „quae
266 438 336 491 nos
347 415 526 512 legimus,
541 414 639 514 quai
654 417 767 495 eccho
780 427 966 513 repetunt:
992 416 1077 495 dor·

140 516 326 607 „mientes
348 539 417 591 nos
443 518 491 593 ad
518 539 642 615 preces
662 519 845 605 excitant,
880 532 921 592 ut
947 537 1076 613 prope·

108 622 111 629 '
140 615 321 708 „modum
337 615 494 693 dormire
508 642 582 693 non
598 615 725 700 sinant.
773 615 982 715 Aliquando
1000 617 1076 714 spe·

139 715 221 807 „cie
232 714 420 791 monastici
431 716 579 793 habitus
595 715 851 814 aiiumtaquasr
868 716 917 815 pii
933 717 1002 795 viri
1021 714 1078 791 lo·

101 836 106 849 ·
139 828 340 912 „quuntur,
358 828 401 903 ut
416 815 611 914 decipiant,
628 815 846 915 &deceptos
863 838 935 914 qun
950 819 1075 892 volue-
1194 830 1197 841 ’

139 916 239 1007 ,rint
253 913 413 993 trahant.
455 915 593 996 Verum
608 917 779 993 audiendi
794 941 869 1013 qun
884 917 985 1006 sunt,
1010 912 1074 992 etfi

138 1015 216 1107 „ari
228 1015 407 1091 orandum
423 1016 608 1104 excitant,
632 1015 696 1092 etsr
713 1012 923 1102 hortentur,
956 1029 999 1092 ut
1018 1016 1074 1092 ni·
1118 1094 1123 1103 ,

137 1113 221 1208 „hil
239 1113 384 1211 prorsus
400 1116 659 1205 comedamus,
674 1115 812 1192 etiami
827 1115 992 1192 accusare
1007 1126 1072 1192 aut
1205 1154 1208 1158 ·

137 1213 362 1307 „conviciari
386 1214 600 1306 videantur,
626 1216 829 1312 dequibus
855 1212 985 1290 conscii
1006 1238 1073 1289 no·

137 1312 221 1403 „bia
246 1313 329 1389 sunt
335 1335 346 1406 3
380 1317 566 1393 nonenim
582 1317 728 1415 pietatis
743 1331 808 1393 aut
824 1315 987 1391 veritatis
1003 1312 1074 1391 stu·
1188 1346 1191 1353 ¹
1217 1349 1221 1357 ·

107 1512 110 1517 .
135 1412 225 1506 „dic
241 1413 324 1489 naec
340 1427 477 1510 agunt,
503 1416 563 1491 sed
578 1428 621 1492 ut
635 1414 866 1512 simpliciores
883 1414 930 1490 ad
950 1414 1072 1510 deipe·

137 1513 343 1604 .,r'ationem
359 1514 572 1605 deducant,
583 1514 820 1612 inutilemque
837 1512 1073 1601 dicantasce·

135 1615 277 1708 „ticam
306 1613 448 1703 vitam,
481 1615 722 1712 nauseamque
746 1613 954 1690 hominibus
982 1610 1071 1688 affe·
1184 1639 1203 1647 ··

134 1726 246 1808 „rant
261 1711 468 1792 monasticae
483 1717 578 1793 uitae
595 1727 744 1812 tamque
760 1714 920 1790 onerosae
936 1712 974 1789 δι
991 1735 1071 1790 mo-

133 1811 372 1909 „restiturum
386 1813 425 1890 iic
441 1837 523 1891 eam
543 1816 795 1899 exercentibus
807 1812 1070 1910 impedimento

134 1912 242 2009 „sint
294 1912 423 2012 Neque
441 1915 595 1990 timendi
619 1914 720 2001 sunt,
743 1911 879 1990 etiamst
899 1906 1071 1988 invadere

136 2014 374 2108 „videantun
399 2013 536 2091 etiamst
561 2013 976 2095 minitentur-mortem,
1001 2010 1071 2084 im·

135 2113 286 2206 „becilii
308 2136 465 2211 namque
486 2138 570 2189 cum
596 2114 689 2202 tint,
717 2112 931 2192 comminari
954 2108 1080 2193 solum

133 2212 323 2314 „puffunt,
348 2211 386 2289 it
407 2212 500 2293 nihil
520 2222 721 2312 praeterea..

200 2417 238 2489 ir.
266 2413 413 2503 „Quare
434 2410 526 2488 nihil
549 2433 632 2486 cum
652 2409 754 2507 poffit
776 2409 944 2495 diabolus
967 2404 1069 2487 velut
1082 2416 1212 2485 Danau

133 2523 340 2610 „tyrannus
366 2510 545 2610 collapsus
569 2533 767 2606 numquam
801 2510 973 2607 quiescit,
1007 2502 1220 2602 sedinflrm

132 2612 282 2705 „serbis
304 2609 428 2687 saltem
448 2611 717 2701 interminatur,
767 2610 863 2686 Nam
886 2628 970 2684 cum
994 2607 1069 2685 dae·
1080 2581 1232 2685 'mimi‘

133 2735 292 2803 ,mones
316 2708 383 2787 smt
406 2711 454 2786 ad
478 2709 617 2785 maium
640 2711 888 2807 damnumque
913 2706 1070 2782 inferen-

134 2811 251 2903 „dum
270 2811 406 2908 parati,
434 2831 574 2907 nosque
596 2807 686 2907 jam·
701 2809 879 2899 vivimus,
903 2807 980 2883 imo
1004 2805 1070 2881 ad·
1162 2828 1171 2853 ²

132 2908 284 3007 „versus
301 2909 386 2989 iilos
403 2910 517 2986 vitam
532 2907 750 2989 instituimus
771 2908 938 2991 nostram,
947 2903 1069 3000 palam

132 3009 232 3103 „est,
255 3008 340 3084 illos
357 3009 448 3085 nihil
461 3009 591 3085 virium
608 3008 752 3085 habere.
786 3009 887 3086 -Non
903 3007 1000 3082 enim
1013 3003 1070 3078 io·

97 3162 100 3187 2
134 3133 229 3202 „cus
247 3131 374 3185 eorum
390 3107 525 3184 infidiis
542 3105 669 3195 obstat,
680 3130 797 3204 neque
813 3130 881 3205 nos
899 3103 959 3179 fibi
977 3101 1070 3180 ami·

134 3231 229 3302 „cos
247 3222 422 3305 cernunt,
436 3222 479 3283 ut
497 3220 647 3305 parcant
663 3208 781 3293 nobis,
804 3232 871 3283 nec
890 3204 985 3300 aequi
1003 3203 1069 3280 bo*

87 3394 89 3415 Ι
135 3310 274 3405 „nique
288 3320 455 3385 amantes
472 3304 565 3394 sunt,
588 3320 631 3382 ut
648 3307 843 3402 corrigant,
855 3309 930 3384 imo
947 3301 1069 3399 potius
1138 3343 1141 3347 ·

87 3420 90 3511 i
134 3407 313 3503 „maligni
328 3405 426 3493 sunt,
445 3406 609 3503 nihilque
625 3404 678 3480 ita
692 3422 842 3494 curant,
868 3415 909 3480 ut
925 3401 1070 3478 virtutis
1191 3449 1194 3455 -

87 3538 89 3561 ¹
134 3509 380 3606 „pietatisque
396 3506 552 3582 studium
569 3505 714 3581 laedere.
765 3505 852 3580 ideo
874 3517 996 3579 autem
1013 3503 1071 3576 ni·

133 3607 215 3698 „hil
235 3606 397 3694 faciunt,
422 3606 520 3700 quod
545 3603 637 3679 nihil
664 3603 805 3703 pciiunt
828 3604 890 3680 nisr
919 3598 1072 3676 commi·

126 3708 252 3809 „nat
304 3703 494 3809 Ecce-jam
513 3706 726 3881 mugegati
746 3719 875 3785 contra
899 3700 994 3804 ipsos
1015 3698 1069 3810 lu·
1111 3750 1113 3754 2

129 3862 157 3881 ··
303 3831 306 3836 ’
553 3832 555 3836 “
641 3830 672 3901 ’4
719 3822 752 3866 7
965 3816 1071 3904 arqui·

138 4054 183 4137 ,Χ
