2468 4358
324 254 327 261 ·
370 212 419 310 ad
435 166 676 340 'Adelphium
696 159 876 355 Ἐρὶβοὶα.
999 218 1114 333 435,
1141 154 1145 169 =
1170 275 1174 289 =

155 404 245 487 bum
272 404 474 506 periedam*
489 402 672 484 affumiifl‘e
698 402 896 483 humanam
918 413 1095 503 naturam

155 529 291 611 eorpus
313 507 465 596 scilicet,
494 517 725 603 mentemque
748 507 968 593 humanam,
1001 530 1086 584 cum

157 618 307 693 econtra
321 604 586 704 Apollinaristae
600 603 711 681 solam
725 603 921 681 humanam
938 625 1090 682 carnem·

154 726 181 783 a
195 703 318 784 Verbo
335 704 522 793 affumtam
539 704 627 793 effe,
652 703 765 802 ipsum
784 716 907 795 autern
922 701 1083 783 Verbum

107 857 109 863 r
154 802 265 899 instar
283 807 415 881 animae
431 804 532 879 fuisse
549 804 806 901 opinarentur·
849 804 907 877 Ex
931 827 1003 900 quo
1027 828 1083 879 er·

153 921 242 978 rore
256 903 348 978 alius
364 902 539 980 emanaffe
554 903 697 980 videtur
712 923 849 985 eorum,
867 901 928 999 qui
939 923 1084 980 carnem

153 999 308 1093 Domini
325 1025 372 1077 ex
394 1002 641 1100 conjunttione
657 1024 740 1076 cnm
749 1002 868 1078 Verbo
886 1008 1085 1093 increatam
1128 1068 1132 1077 .

153 1099 288 1179 fastam
315 1100 415 1177 fuisse
438 1103 616 1176 dicebant.
678 1099 833 1193 Proinde
856 1101 894 1176 in
919 1099 989 1176 hac
1009 1103 1085 1201 epif
1132 1154 1138 1201 ,

154 1195 247 1276 stola
270 1200 377 1277 docet
399 1196 438 1277 S.
460 1197 679 1276 Athanasius
706 1198 744 1276 dt
768 1200 992 1291 adorandum
1016 1199 1084 1287 effe

155 1297 286 1391 Christi
300 1321 449 1398 corpnn,
472 1298 543 1376 five
559 1299 736 1379 Christum
758 1298 955 1381 hominem,
980 1297 1018 1375 dt
1034 1301 1088 1385 ita

157 1418 182 1481 a
198 1397 304 1473 nobis
320 1424 392 1474 non
406 1398 548 1475 adorari
561 1419 639 1476 rem
655 1409 827 1481 creatam,
851 1398 910 1472 sed
925 1396 1087 1483 Verbum

155 1495 345 1575 hominem
369 1496 524 1587 fanum,
554 1508 622 1573 nec
651 1496 848 1585 humanam
871 1509 1039 1573 naturam
1065 1517 1088 1585 a

156 1595 281 1674 Verbo
297 1597 527 1695 separandam
547 1597 636 1683 effe,
660 1610 703 1672 ut
721 1596 882 1673 Verbum
902 1595 1088 1684 adoretur.

157 1691 220 1773 sed
229 1693 390 1773 Verbum
404 1695 522 1772 forma
533 1696 622 1771 servi
635 1694 802 1771 indutum
812 1695 941 1768 debere
957 1696 1088 1781 adoran,
1190 1756 1193 1765 .

140 1794 201 1887 Ari,
263 1796 343 1882 Quo
364 1795 474 1871 modo
490 1793 692 1872 Nestorium
716 1793 754 1871 dt
771 1794 962 1890 Eutychen
979 1795 1088 1890 longe
1142 1851 1145 1863 .

157 1906 245 1970 ante
278 1907 424 1970 exortas
455 1916 588 1989 eorum
626 1892 778 1973 haereses
815 1894 1088 1979 condemnavit:
1162 1918 1164 1923 ·

159 1989 364 2069 Nestorium
396 1991 562 2090 quidem,
597 1993 683 2071 dum
707 2003 817 2088 negat
842 1991 1020 2068 Christum
1051 1996 1091 2091 in
1146 2051 1171 2099 ¹.
1219 2082 1221 2087 ¹

159 2092 235 2168 dun
259 2091 517 2168 dividendum:
554 2089 747 2189 Eutychen
780 2111 866 2167 vero
891 2115 974 2167 cum
998 2093 1094 2173 intes

161 2212 249 2288 gras
270 2213 313 2268 ac
337 2191 515 2269 dunatus
529 2193 620 2268 duas
635 2193 673 2267 in
688 2188 827 2268 Christo
842 2202 991 2267 naturas
1014 2205 1094 2273 tue.-
1189 2278 1194 2285 ,

158 2303 231 2368 tur.

350 2548 353 2553 '
414 2403 835 2629 ANhssnLVSIS.

165 2710 197 2765 r.
226 2682 394 2822 Sanetus
410 2672 630 2763 A'thanasrus
651 2683 797 2760 laudata
814 2707 900 2762 cura
918 2680 1091 2782 Adelphii
1107 2681 1221 2764 chum

307 2809 343 2862 rn
377 2785 578 2861 refutandis
612 2787 866 2860 haereticorum
891 2786 1091 2873 erroribus,
1106 2769 1234 2918 mg

161 2884 319 2985 eundem
344 2885 504 2960 laborem
530 2884 717 2985 suscipiens
733 2883 812 2959 ait:
850 2881 967 2971 „Rem
993 2905 1090 2959 crea·
1107 2948 1139 3003 m
1140 2958 1170 3000 m
1182 2957 1214 2999 n·

162 2987 588 3075 ,‚tau1nonadoramus:
614 2983 720 3057 absrt:
744 2982 981 3058 Ethnicorum
996 2984 1092 3059 enim
1108 3016 1225 3086 „m

163 3085 229 3173 „dr
246 3083 464 3169 Ariannrum
482 3081 530 3156 est
549 3081 756 3177 hujusmodi
774 3103 883 3167 error,
902 3083 1095 3163 seductum
1109 3126 1187 3171 mus.

163 3181 393 3272 „creatarum
409 3182 606 3256 Dominum
623 3202 768 3256 caruem
779 3181 912 3257 fastum
927 3181 994 3257 Dei
1005 3181 1095 3258 Ver·

160 3285 279 3374 „bum
299 3283 504 3357 adoramus.
563 3279 636 3354 Etsi
656 3281 754 3357 enim
767 3279 842 3378 ipsa
854 3301 939 3356 caro
956 3279 1099 3359 seorsim

127 3405 134 3437 v
164 3376 345 3478 '‚‚spedata
371 3401 455 3478 pars
478 3377 521 3453 fit
542 3399 662 3455 rerum
688 3393 910 3464 creatarum,
936 3391 1100 3457 attamen

163 3480 262 3570 „Dei
275 3468 368 3555 satia
384 3479 434 3554 est
449 3499 604 3575 corpus.r
637 3473 765 3574 Neque
784 3499 870 3553 vero
888 3477 1099 3575 hujusmodi

167 3600 328 3676 „corpus
356 3602 377 3652 a
401 3579 480 3652 Deo
507 3575 710 3665 dividentes
733 3578 949 3672 adoramus,
984 3596 1104 3672 neque

164 3702 277 3772 „cum
295 3676 455 3760 Verbum
471 3674 641 3752 volumus
660 3675 831 3776 adstare,
852 3675 967 3775 ipsum
985 3698 1006 3752 a
1023 3697 1101 3751 car·
1187 3742 1188 3748 a

656 3773 765 3853 ΕΗ
886 3779 935 3855 ,’
1025 3794 1100 3865 „ne
