2454 4344
127 229 320 355 'Oratio
342 232 420 347 Ill}
450 262 601 395 contro!
615 262 800 350 Arianos.
875 262 961 379 33'3

93 468 159 524 am
174 438 407 534 antecedunl,
423 448 520 522 unde
535 446 683 523 omnino
700 449 738 522 in
755 436 963 554 cognitione
1070 428 1081 513 ᾗ

93 569 118 621 a
133 544 231 623 diem
246 546 366 620 habet.
416 547 599 622 Caeterum
620 570 691 643 qua
708 548 760 632 de.
771 546 875 622 causa
888 571 963 622 non
1042 605 1044 615 .

93 643 187 720 serte
212 667 293 719 eam
312 644 492 742 discipulis
510 647 736 742 expresserit,
760 645 865 726 nefas
883 647 961 743 qui·

93 766 143 819 im
158 743 331 829 arbitror,
352 746 390 819 in
409 746 447 819 id
463 750 635 821 arcanum
651 742 824 831 curiosius
841 745 962 842 inqui·

93 863 157 930 re,
180 841 240 917 led
255 855 379 917 tamen
394 866 441 917 ne
459 842 497 917 id
515 845 661 940 quidem
677 833 884 922 infidelibus
897 843 979 937 ob(¹
1006 928 1010 933 ,
1046 844 1051 857 ’
1107 836 1112 855 ’

93 962 196 1018 urum
216 942 389 1028 arbitror,
416 964 499 1018 eum
516 943 577 1019 hic
600 964 664 1038 per
679 965 824 1018 carnem
842 943 961 1021 homi·
996 1014 1001 1023 ,

93 1063 112 1113 s
128 1061 244 1125 inore,
262 1039 354 1116 &ex
362 1040 510 1138 persona
526 1041 684 1115 hominis
698 1042 861 1116 locutum
871 1044 957 1117 ell'e:
1027 1066 1050 1105 κ

93 1161 173 1235 ique
195 1138 264 1229 eli,
303 1151 347 1215 ut
368 1138 505 1236 aliquid
527 1140 734 1215 detrimenti
751 1139 872 1218 Verbo
890 1135 964 1218 Dei
1012 1149 1015 1153 ’
1112 1142 1143 1227 ss

93 1237 219 1317 :cidisse
242 1248 367 1335 putes,
391 1261 475 1314 cum
488 1239 668 1334 ignoratio
690 1238 753 1316 illa
772 1240 819 1313 ad
831 1238 965 1337 humu-⁴
1076 1240 1083 1248 “
1194 1328 1197 1345 Ι

93 1359 143 1445 ¹¹¹¹,
169 1349 338 1415 naturam
361 1335 586 1412 solummodo
612 1341 799 1435 pertineat.
863 1340 964 1424 Qua·

93 1444 203 1533 'optet
219 1459 292 1510 non
308 1434 442 1510 dissum
460 1435 510 1511 est
525 1437 574 1510 ab.
592 1461 657 1524 eo,
687 1461 733 1511 ne
749 1435 863 1511 Filius
884 1437 964 1532 qui·

93 1557 142 1609 im
166 1532 257 1621 Dei,
291 1558 338 1608 ne
370 1534 541 1610 divinitas
568 1536 734 1631 ignorare
760 1535 962 1625 videretur,

93 1631 373 1730 dsimpliciterz·
409 1660 448 1708 ne
463 1631 591 1709 lilim.-
636 1648 678 1710 ut
694 1633 778 1710 Filii
803 1633 972 1710 hominis·
1074 1640 1076 1645 “
1183 1734 1188 1752 ν

93 1755 122 1807 a
136 1732 315 1828 ignoratio
329 1746 544 1820 remaneret.
589 1731 663 1808 Sed
674 1753 738 1808 cur
749 1753 813 1831 per
822 1731 860 1807 id
869 1745 965 1823 tem-

93 1854 126 1906 is
142 1831 256 1920 dixit,
282 1831 317 1905 se
336 1829 490 1917 nescire,
517 1833 614 1929 quod
634 1831 707 1930 ipse
723 1843 766 1909 ut
781 1831 964 1907 Dominus
1002 1878 1004 1882 ν

116 1928 177 2004 sua
201 1931 407 2026 cognitione
424 1932 592 2026 habebat.
666 1930 745 2026 Ego
776 1929 961 2019 existimo,

93 2029 183 2105 »strae
201 2031 371 2106 utilitatis
387 2031 491 2105 causa
514 2028 552 2105 id
569 2028 614 2103 ab
631 2028 696 2104 illo
719 2026 854 2104 satium
872 2027 963 2118 else,

93 2129 189 2205 ilicet
205 2154 251 2202 ne
272 2130 489 2224 relinqueret
513 2127 695 2225 discipulis
715 2125 960 2216 occasionem,

93 2251 127 2302 ia
147 2226 182 2302 se
200 2227 246 2301 ad
264 2228 456 2305 dicendum
477 2239 701 2325 premerent,
734 2225 772 2302 dt
790 2225 963 2302 refraena·

93 2325 271 2403 tiliorum
286 2327 519 2402 curiositates.
570 2327 677 2402 Certe
691 2326 729 2399 in
745 2323 845 2401 llslis
858 2324 962 2423 Apo·

93 2425 225 2501 >lorum
254 2427 325 2523 cap.
348 2453 380 2501 1.
417 2426 562 2522 quando
588 2424 803 2502 ascendente
838 2447 883 2498 eo
921 2425 962 2515 iti

93 2525 188 2599 elum
197 2524 359 2620 discipuli
371 2525 490 2599 rursus
505 2526 820 2621 percontabantur,
845 2541 983 2620 quam
1196 2634 1199 2643 ¹

93 2623 198 2699 »finis
214 2623 358 2698 futurus
375 2623 411 2698 dt
429 2622 506 2718 ejus
520 2623 699 2698 adventus
716 2619 959 2721 expetlandus

93 2722 158 2810 let,
197 2722 325 2797 diserte
349 2721 422 2796 illis
445 2722 589 2798 locutus
615 2721 686 2795 est:
727 2745 800 2796 non
825 2719 874 2795 est
894 2742 959 2794 ve·

93 2844 164 2897 um
181 2819 392 2916 cognoscere
405 2834 586 2916 tempora,
610 2819 647 2895 dt
663 2839 783 2894 reruni
800 2819 959 2912 agenda·
992 2907 994 2911 ¹
1094 2788 1126 2835 ’ῃ
1163 2830 1167 2837 ’

93 2944 135 2994 m
151 2920 336 3008 articulos
349 2943 440 3015 quos
454 2920 561 2994 Pater
575 2917 773 2993 collocatos
792 2916 903 2993 habet
918 2917 958 2991 in

94 3018 317 3116 apotellate.
363 3017 462 3093 'Utile
487 3016 536 3092 est
562 3016 659 3090 enim
680 3017 786 3092 vobis
805 3028 885 3094 tum
909 3014 980 3090 de.

93 3118 227 3213 ngelis,
262 3128 341 3194 tum
362 3117 407 3191 de
431 3117 522 3191 Filio
548 3116 778 3211 negationem
798 3114 978 3203 scientiae.

93 3220 198 3306 idire,
244 3241 290 3289 ne
313 3216 539 3291 daemonibus
562 3215 774 3311 angelorum
802 3211 960 3308 figuram

93 3315 329 3403 sumentibus,
371 3313 409 3388 dt
433 3315 479 3389 de
505 3314 813 3391 consummatione
836 3311 979 3389 saeculi.
1097 3294 1116 3339 ⁸

93 3415 283 3512 quentibiis
301 3413 572 3494 &Antichristo
604 3414 718 3489 ullam
748 3412 858 3487 sidem
892 3410 960 3484 ha·
1099 3480 1102 3485 .
1160 3424 1162 3428 ‘

93 3513 189 3602 atis,
222 3525 349 3610 utpote
366 3535 491 3588 earum
509 3533 627 3587 rerum
643 3513 791 3607 ignaris.
840 3507 958 3585 Est&
975 3584 978 3597 ,

93 3611 245 3698 irratio,
264 3634 327 3686 cur
343 3611 471 3686 inutile
488 3610 548 3696 eli,
569 3610 650 3686 finis
666 3611 763 3691 diem
781 3608 957 3706 praesciri:
974 3612 976 3621 ‘

93 3743 95 3762 ·
116 3711 189 3807 siis
205 3723 347 3788 mature
363 3709 625 3816 praenoscatur,
658 3706 957 3817 temporatinter-

252 3858 255 3863 ’
854 3825 958 3897 »ῃῖθῖ
1031 3826 1035 3848 ’
