2468 4358
153 206 271 384 432¹¹
346 270 349 280 '
485 267 528 355 S.
553 170 756 382 Atianofii
827 288 831 293 ·
916 262 920 297 ¹

106 516 114 527 .
154 454 243 551 ,qui
262 454 401 545 dicunt,
418 472 562 528 carnem
579 474 653 526 non
672 449 741 526 eise
755 446 884 527 mortis
901 468 1091 553 capacem,¹

153 555 242 645 „sed
266 551 483 641 immortalia
513 563 683 639 naturae,
732 548 758 624 fi
790 550 889 651 enim
918 561 1087 626 mortuus

152 678 254 745 „non
275 651 336 735 est,
346 647 533 747 quomodo
550 649 687 726 Paulus
698 646 899 725 Corinthiis
915 648 1089 725 tradidit:

109 846 112 850 ι
155 747 349 850 „Quomam
368 747 511 849 christos
529 761 675 825 mortuus
698 746 751 847 est.
781 744 880 827 ¹Aut
901 746 1087 847 quomodo

11 866 13 871 ·
128 896 130 900 -
155 850 373 942 „resurrexit
380 902 392 941 ,
416 845 442 924 fi
464 860 631 927 mortuus
648 871 721 925 non
739 840 817 923 esta
885 937 888 941 ⁸

4 1066 141 1137 acami-
225 1067 262 1145 4.
287 1039 474 1138 „Multum
489 1046 612 1122 auter'n
626 1034 855 1133 erubescent,
881 1038 1023 1144 quinci
1039 1038 1089 1121 ie·

24 1153 66 1221 ,in
77 1140 143 1215 Dio
158 1147 258 1240 „mei
272 1146 522 1243 cogitaverint,
533 1146 626 1244 poiie
641 1168 706 1243 pro
716 1144 892 1221 Trinitate
905 1144 986 1221 fieri
1003 1166 1089 1242 qua·

1 1265 6 1283 ¹
52 1232 110 1301 Μ’
156 1247 411 1341 „te'rnitatem‚
433 1240 459 1320 sr
483 1265 613 1342 corpus
636 1269 683 1319 ex
703 1240 821 1320 Maria
839 1243 909 1319 effe
927 1240 1089 1321 dicatur:

5 1358 34 1385 ’·
155 1369 267 1445 „nam
281 1344 327 1431 fi,
353 1344 475 1442 ajunt,
506 1366 636 1442 corpus
652 1341 772 1422 Verbo
789 1339 1095 1420 consubstantiale

155 1444 367 1537 „dicamus,
402 1438 559 1518 Trinitas
586 1454 710 1518 manet
735 1438 894 1524 Trinitas
920 1439 1016 1519 nihil
1051 1442 1089 1519 iu

155 1542 294 1649 „ipsam
314 1538 743 1619 extraneuminducente
759 1539 903 1630 Verbo,
926 1536 981 1616 iin
1004 1562 1089 1619 vcro

155 1663 313 1740 „corpus
342 1643 545 1718 humanum
578 1665 625 1731 ex
657 1636 775 1717 Maria
799 1641 966 1737 genitum
990 1639 1088 1719 dica·

154 1765 285 1835 „mus,
309 1740 445 1817 neceiie
466 1740 535 1828 est,
561 1753 602 1816 ut
628 1763 710 1816 cum
740 1761 872 1839 corpus
898 1736 942 1815 fit
968 1752 1088 1815 extra·

155 1864 294 1935 „neum
322 1840 515 1917 secundum
544 1832 798 1931 substantiam,
823 1832 861 1915 dc
885 1837 923 1913 in
946 1835 1024 1936 ipio
1046 1834 1089 1914 iit

32 2034 36 2039 ¹
155 1939 368 2043 „Verbum
398 1938 621 2038 quaternitas
645 1950 709 2036 pro
734 1934 911 2015 'trinitate
942 1950 1089 2036 propter

155 2040 344 2137 „corporis
367 2037 599 2133 accessionem
625 2036 812 2114 efficiatur.
884 2032 981 2113 Haec
1006 2058 1088 2115 cum

5 2170 14 2187 «
158 2140 401 2235 „loquuntur‚
429 2163 504 2214 non
533 2137 715 2233 cogitant,
730 2204 732 2215 .
749 2156 821 2234 quo
843 2134 947 2235 padio
970 2134 1087 2213 secum

8 2300 12 2311 .
156 2237 248 2335 „ipfi
271 2249 453 2335 pugnent,
478 2232 613 2315 etenim
635 2236 722 2313 licet
745 2260 792 2311 ex
811 2235 929 2312 Maria
958 2255 1086 2335 corpus
1119 2250 1122 2257 '

157 2336 251 2429 „effe
275 2334 460 2435 negarint,
482 2334 543 2413 sed
566 2333 687 2414 Verbo
708 2332 1006 2413 consubstantiale
1034 2334 1085 2411 di·

157 2437 324 2528 „xerint‚
349 2430 585 2511 nihilominus
609 2434 704 2533 eipso
716 2433 823 2534 juxta
841 2454 968 2514 eorum
987 2458 1085 2511 men·

157 2548 261 2628 „tem
282 2530 568 2632 quaternitatem·
585 2531 670 2610 ilios
694 2536 812 2612 dicere
834 2533 1092 2611 demonstrabi-

158 2646 264 2729 „turz
297 2629 606 2730 quemadmodum
629 2635 726 2710 enim
750 2634 868 2710 Filius'
885 2632 974 2709 licet
990 2631 1085 2710 Patri

97 2794 99 2799 .
157 2724 468 2826 „consubstatiaiis
485 2758 557 2808 non
577 2728 626 2808 est
644 2733 716 2831 ipse
732 2733 859 2828 Pater,
885 2731 932 2810 fic
956 2734 1086 2831 corpur

155 2826 305 2925 „Verbo
322 2827 618 2907 consubstantiale
635 2857 709 2907 non
721 2832 774 2908 est
789 2831 903 2930 ipsum
913 2831 1085 2917 Verbum,

155 2931 242 3024 „sed
259 2927 359 3008 aliud
375 2950 397 3006 a
416 2928 536 3008 Verbo
559 2930 773 3019 diffinitum,
790 2933 956 3028 adeoque
971 2932 1086 3009 Trini-

155 3044 240 3122 „tas
258 3052 305 3105 ex
321 3050 446 3106 eorum
463 3030 637 3108 sententia
650 3032 873 3129 quaternitas
890 3031 971 3106 erit.
998 3031 1086 3107 Item
1118 3046 1123 3115 ι

154 3128 208 3222 „fi
229 3130 327 3227 quod
346 3126 542 3228 Scripturae
567 3128 708 3216 dicant,
731 3151 862 3226 corpus
885 3129 1125 3235 Salvatorisq

155 3250 230 3320 „ex
248 3223 416 3305 Maria&
433 3229 633 3304 humanum
649 3228 728 3315 effe,
751 3229 833 3305 ideo
850 3250 915 3325 pro
932 3226 1085 3306 Trinita-
1121 3240 1125 3293 Ι

155 3342 220 3418 „te
246 3328 524 3423 quaternitatem
552 3327 623 3402 dici
657 3327 878 3412 existimant.
906 3327 1007 3425 quast
1029 3336 1085 3405 ac·

154 3422 284 3517 „ceffio
308 3426 475 3523 quaedam
502 3450 548 3500 ex
567 3449 715 3523 corpore
731 3426 822 3502 faita
843 3421 905 3511 sit,
928 3426 1084 3505 muitum
1124 3506 1127 3511 ,

153 3523 469 3617 ,··‚hailucinantur‚
503 3527 591 3603 dum
616 3547 693 3602 rem
723 3520 852 3601 fatiam
874 3526 1002 3602 fatiori
1024 3552 1085 3603 ex·
1124 3582 1127 3643 Ι

1 3655 23 3689 κ
83 3632 86 3637 ’
154 3638 340 3721 „aequant
366 3620 639 3702 &arbitrantur
656 3626 749 3722 poiie
769 3621 951 3701 Deitatem
970 3622 1086 3703 acces·
1123 3648 1127 3693 ι

132 3724 319 3817 ·,‚sronem
344 3722 537 3829 admittere
570 3724 808 3824 ignorantque
839 3749 913 3803 non
939 3740 1085 3829 propter

778 3937 781 3944 Ι
830 3892 832 3901 r
870 3870 878 3879 ·
935 3944 937 3949 Ι
970 3845 1087 3971 „auga
1124 3926 1127 3979 Ι
