2468 4358
952 39 960 75 ι
1038 52 1096 65 ,a

948 80 955 88 ’
1061 64 1109 85 v·-

62 182 74 199 ’
147 240 231 357 196
344 177 345 180 Ὗ
476 234 813 374 summm
905 222 909 227 “

143 425 357 520 „drinorum
383 420 581 501 Ecclesiam
629 423 885 501 haereticorum
928 421 1082 522 pedibus

144 524 379 617 „conculcari
404 525 537 603 finatis.
588 523 698 599 Certe
722 522 784 599 ista
806 523 1007 617 indignitas
1028 545 1083 598 re·

143 648 250 717 „mm
276 626 314 697 in
336 622 525 709 causaest,
554 625 650 718 quod
666 623 792 720 populi
808 623 1082 718 sacerdotesque

32 780 35 785 .
73 719 91 751 ³
141 723 311 815 „seorsrm
330 721 402 795 fine
419 721 626 820 Synaxibus
639 724 764 798 vivant
772 743 784 814 3
814 721 918 797 taciti
934 722 1083 817 quidem

142 824 219 917 „ob
254 823 328 895 vim
358 821 516 918 praesidis
546 821 668 896 animo
704 832 828 895 tamen
851 820 1082 917 impietatem

143 920 392 1013 „Arianorum
424 933 648 995 execrantes,
718 919 759 995 Si
785 918 897 1013 igitur
920 914 1083 1018 autipse

142 1020 389 1115 ‚‚Greg.orius,
421 1031 486 1096 aut
510 1019 604 1094 alius
634 1017 715 1114 quis
733 1015 843 1115 ipsrus
863 1019 1012 1121 nomine
1035 1017 1082 1115 ad
1110 1071 1115 1076 -

143 1142 238 1211 „vos
263 1120 411 1202 scribat,
444 1144 490 1193 ne
510 1119 711 1217 recipiatis,
726 1160 729 1164 ι
746 1117 901 1206 fratres,
933 1112 1081 1215 illorum

4 1304 6 1309 ⁴
97 1272 103 1281 -
142 1218 333 1311 „litteram
369 1216 429 1291 sed
455 1217 597 1293 oblatas
620 1216 853 1312 disrumpite,
881 1234 1081 1317 eorumque

142 1318 381 1409 „tabellarios
430 1327 472 1391 ut
508 1317 641 1412 impios
681 1315 906 1394 administros
948 1315 1099 1417 ejicite,'

141 1414 303 1509 „Quodsi
332 1415 526 1489 formulam
556 1413 837 1512 pacificatoriam
859 1408 1011 1504 scribat,
1036 1432 1081 1491 ue

143 1514 274 1608 „illam
291 1535 434 1611 quoque
452 1515 655 1610 recipiatis,
679 1526 781 1589 metu
806 1513 904 1588 enim
920 1513 1079 1613 praesidis

144 1612 416 1710 „violentiaque
430 1614 577 1709 Georgii
598 1612 645 1689 ad
660 1635 722 1687 eas
735 1611 966 1709 perferendas
980 1636 1080 1711 come

40 1785 48 1797 Ν
143 1710 262 1809 „pulsr
282 1710 384 1800 sunt,
411 1713 472 1807 qui
498 1711 581 1787 sane
607 1713 704 1808 quod
728 1704 887 1787 Arianos
911 1703 974 1801 fit,
1000 1708 1080 1789 infla

76 1884 79 1889 .
144 1813 256 1905 „tiari
280 1835 353 1899 nou
379 1811 531 1907 poterit,
566 1811 732 1887 Ammon·
756 1812 853 1885 enim
876 1811 1079 1888 litterarum
1121 1846 1123 1903 i

31 1926 39 1937 “
144 1911 250 2009 „ejus
267 1909 476 2005 subscriptor
487 1908 563 2006 jam
583 1911 670 1987 olim
692 1909 771 1985 aB.
788 1909 1001 1986 Alexandro
1016 1932 1088 1998 an·

12 2026 15 2031 ·
144 2024 210 2102 „te
243 2032 303 2085 me
318 2009 494 2106 Episcopo
524 2010 570 2084 ob
596 2010 713 2085 multa
734 2009 832 2083 mala
853 2009 899 2083 ab
919 2008 1078 2089 Ecclefit
1120 2066 1123 2125 j

69 2108 74 2117 ’
121 2108 306 2206 ',‚ejesius
322 2108 382 2184 est.
434 2108 489 2182 Ob
506 2108 586 2183 haec
605 2110 727 2184 omnia
744 2107 863 2204 quaeso
877 2107 1080 2201 rescribite.
1117 2138 1123 2223 p

144 2208 211 2302 „dt
233 2208 366 2304 impios
393 2204 655 2293 condemnate,
693 2218 736 2282 ut
758 2206 984 2295 sacerdotes,
1017 2208 1079 2309 qui
1120 2226 1123 2265 ³

144 2306 235 2401 „hic
251 2305 353 2394 sunt,
379 2284 573 2403 populique
592 2307 834 2382 orthodoxam
855 2305 1010 2383 vestram
1024 2331 1080 2385 re·
1117 2352 1123 2371 ·

144 2405 343 2501 „ligionem
367 2404 558 2502 zelumque
583 2405 736 2480 vestrum
766 2407 936 2481 adversus
961 2409 1080 2493 maior
1110 2404 1123 2491 ’ξ

35 2572 40 2581 .
142 2503 430 2600 „conspicientes
468 2505 515 2578 dc
546 2504 659 2581 vestra
688 2504 871 2600 gaudeant
907 2500 1078 2585 concord
1113 2494 1123 2559 ⁴

48 2682 51 2687 ‚
141 2603 263 2697 „fide,
282 2600 406 2697 istique
423 2601 594 2679 scelerum
606 2603 792 2679 Authores
804 2602 928 2679 vestris
946 2605 1078 2684 litteris

62 2703 64 2707 ’
141 2701 319 2796 „velsero
336 2722 494 2778 errorem
509 2703 611 2779 suum
628 2702 893 2796 dedoceantur,
906 2701 954 2783 ·&
963 2705 1078 2806 poeni·
1102 2718 1123 2755 ·'

141 2801 296 2896 „tudine
313 2802 511 2901 capiantur.
1061 2846 1066 2855 ι
1114 2802 1122 2807 ”
