2468 4358
78 142 220 349 ..390
465 202 510 306 S.
529 213 733 347 Arhmrfii
841 174 846 189 ¹
892 340 895 345 Ι
999 200 1004 213 ’

130 402 261 499 „nium
281 399 493 479 sententiam
510 400 681 499 rescripsit
697 399 743 476 ad
758 397 933 497 gentilem
945 397 1063 497 suum.

109 506 114 565 ἱ
129 502 214 597 ,‚At
226 500 288 581 ille
304 502 357 577 sui
376 502 552 599 purgandi
568 502 673 577 eausa
686 501 817 577 librum
830 499 908 575 edit
924 498 998 576 hoc
1018 498 1064 573 ti·

130 602 256 696 „tulo:
283 600 469 706 Elenchus
481 601 520 678 de
533 599 734 698 Apologia:
760 600 828 696 qui
842 598 1064 696 videri'pot·

131 700 210 794 „est
232 699 633 800 Tom.d.Altal.p.391.
662 700 802 799 Quippe
821 698 883 795 qui
897 696 1065 775 Samos&

132 797 299 895 „tenlem
341 798 554 897 deposuere,
596 823 723 875 vocem
758 794 1065 874 consubstantialis

132 894 1066 1096 ”suisliissl'iieisiiuiuiuitis

133 1048 163 1093 a>
730 1053 739 1072 ·

130 1122 211 1192 „ex
228 1098 376 1174 homine
390 1098 490 1175 Deus
507 1097 621 1175 fastus
638 1096 707 1185 est,'
730 1118 817 1191 ergo
837 1092 1066 1199 consubstan-

132 1198 261 1289 „tialis
279 1197 328 1273 elt
346 1199 466 1289 Patri,
491 1210 600 1294 atque
624 1198 709 1272 hinc
735 1192 871 1271 necelle
893 1191 974 1283 est,¹
993 1202 1068 1269 tre!

51 1322 72 1375 .¹
98 1302 102 1307 ’
133 1295 242 1388 „elle
257 1295 487 1386 substantias,
512 1304 624 1372 unam
645 1299 821 1393 priorem,
854 1291 949 1369 duas
980 1312 1066 1368 vero

133 1418 211 1493 „ex
226 1393 291 1470 illa
307 1395 561 1492 procedentes:
592 1396 745 1492 ideoque
765 1390 859 1469 illud
882 1389 992 1467 Pauli
1015 1388 1068 1465 so·
1102 1432 1105 1437 ·

132 1494 307 1591 „phisma
320 1492 400 1590 jure
418 1496 773 1570 caventes'dixerunt
791 1489 975 1569 Christum
993 1492 1066 1565 noti

46 1618 50 1625 ·
133 1590 231 1685 „effe
253 1593 607 1681 consubstantialem,
632 1592 785 1689 qualiter
807 1588 945 1667 Paulus
970 1589 1067 1689 cogi·

133 1693 274 1793 „tabat
327 1692 398 1785 Qui
418 1694 544 1769 autem'
560 1691 734 1773 Arianam
751 1690 901 1766 haeresin
912 1689 1067 1765 damna·

133 1801 267 1880 „runt,
293 1789 526 1887 agnoscentes
546 1788 708 1871 Verbum
730 1816 804 1867 non
834 1788 902 1865 elie
922 1789 1066 1865 meam·

39 1947 44 1961 χ
131 1887 252 1981 „ram,
279 1888 338 1964 sed
358 1890 495 1986 prolem
515 1917 562 1965 ex
579 1890 768 1966 substantia
784 1887 873 1977 else,
893 1887 986 1963 iter'u
1002 1886 1068 1963 Pa·

132 1989 228 2079 „tris
250 1988 503 2080 substantiam,
531 1989 612 2086 jure
633 1989 765 2067 Filium
790 1984 1066 2091 consubstantia-

133 2086 234 2177 „lem
253 2087 434 2165 dixerunt.
499 2089 644 2164 Etenim
662 2102 813 2184 utraque
827 2084 1005 2184 Synodus
1022 2104 1068 2159 ex

133 2183 326 2280 „legitima
342 2187 447 2275 causa
460 2187 530 2262 hoc
545 2189 654 2282 modo
669 2187 761 2275 alia,
787 2185 860 2260 alio
878 2184 952 2259 alia
967 2184 1068 2259 loeu-

101 2294 110 2307 “
132 2295 202 2375 „ta
216 2283 275 2363 eli.
317 2284 420 2360 ‘Cum
436 2287 533 2360 enim
551 2283 813 2360 Samosatensrs'
827 2283 988 2371 sentiret,
1010 2280 1069 2359 Fi·

6 2432 9 2443 ·
132 2383 250 2474 „llum
270 2407 344 2457 non
359 2383 426 2457 elie
442 2398 529 2458 ante
544 2386 717 2471 Mariam,
740 2397 818 2458 tota
840 2383 985 2479 Synodi
1009 2404 1070 2456 cu·

49 2546 52 2551 .
133 2502 202 2573 ,‚ra
218 2482 258 2554 in
277 2506 321 2555 eo
337 2494 436 2568 erat,
462 2496 504 2556 ut
523 2497 607 2557 ante
625 2484 747 2557 omnia
763 2482 895 2558 Filium
919 2480 988 2555 elie
1008 2481 1070 2554 de·

1 2652 4 2672 .
133 2578 363 2672 ,‚clararent,
394 2579 432 2656 de
455 2603 539 2656 cum
563 2581 663 2655 Deus
680 2581 764 2656 esset
781 2605 828 2654 ex
853 2580 937 2653 Deo
953 2578 1071 2654 homi·

131 2700 246 2772 „uem
273 2677 406 2755 fastum
432 2679 509 2756 elie.
572 2680 666 2756 Cum
694 2703 780 2755 vero
809 2679 936 2754 Ariani
974 2678 1071 2752 dice·

136 2794 260 2870 ,‚rent,
285 2792 370 2873 ante
388 2791 552 2876 tempora
567 2780 713 2875 quidem
731 2779 862 2854 Filium
876 2776 992 2865 fuine,
1016 2775 1071 2851 fai·

135 2876 259 2969 „dium
277 2889 401 2953 tamen
417 2877 539 2967 fuisse,
555 2877 593 2954 dt
603 2876 698 2963 ficut
714 2892 897 2952 creaturas
914 2898 1000 2961 eum
1020 2874 1073 2952 af·

135 2974 348 3067 „firmarent
363 3001 410 3049 ex
425 2977 504 3051 Deo
525 2976 613 3066 elie,
644 2978 821 3053 unitatem
839 2987 962 3051 autem
979 2973 1074 3053 fimi·

135 3075 328 3168 „situdinis
350 3074 432 3150 Filii
454 3099 538 3175 cum
557 3076 664 3152 Patre
686 3101 758 3150 non
785 3075 852 3149 effe
877 3073 1073 3149 secundum

135 3172 410 3266 „subliantiam,
425 3174 483 3247 sed
501 3175 546 3250 ob
563 3173 676 3250 solum
695 3176 906 3270 dogmatum
925 3170 1073 3247 consen·

136 3271 261 3365 „sum,
282 3272 422 3347 Nicaeni
440 3273 567 3350 Patres
588 3272 760 3369 liquidius
780 3270 965 3370 scripsere,
987 3295 1074 3346 con·

136 3369 428 3464 „substantialem
451 3393 533 3446 eum
557 3369 636 3446 else.
707 3373 815 3446 Certe
840 3393 923 3452 cum
949 3369 1073 3445 omnia

59 3486 62 3491 ’
136 3468 293 3570 ,‚poffint
323 3469 601 3567 sophismatibus
631 3468 801 3557 eludere,
830 3469 925 3544 hanc
958 3468 1074 3544 solum

136 3591 293 3663 „vocem
311 3619 337 3653 ,.,
356 3579 483 3665 utpote
513 3589 595 3666 quae
632 3568 731 3645 snam
761 3566 910 3644 haerefin
946 3569 1075 3643 consu·

137 3678 221 3762 „tet
229 3721 251 3760 „
279 3664 540 3764 reformidant,
576 3689 686 3771 quam
711 3669 839 3755 Patres
871 3665 969 3869 quali
985 3688 1076 3868 ppo·

737 3794 740 3799 ’
908 3790 983 3861 „u
1036 3790 1076 3846 a·
