2468 4358
217 251 356 339 Oratio
378 249 450 341 IV.
480 269 618 338 caum
638 250 825 349 Arianos.
906 278 991 368 337

22 462 27 479 ¹
55 456 156 528 „uus
169 433 234 525 iit,
256 459 343 512 uam
363 436 435 512 hoc
455 434 570 533 ipsum
590 436 689 531 quod
705 436 775 523 est,
800 436 992 513 voluntate

55 535 147 627 „sua
162 535 232 609 est:
248 536 301 611 ita
309 558 454 633 quoque
469 535 567 633 quod
576 535 690 610 Filius
710 537 765 613 iili
780 534 991 625 flectuum

46 658 133 727 „ex
146 634 336 710 voluntate
350 636 565 732 principium
581 634 726 711 dutum
746 634 817 720 est,
838 660 909 710 non
932 649 989 711 ta·

55 756 170 825 „meu
193 735 308 809 invito
330 734 404 820 iiii,
429 734 467 808 dt
492 747 623 830 praeter
640 735 854 810 sententium
871 734 987 811 Filius

53 832 221 924 „exiffitz
246 832 336 908 ficut
348 837 447 907 enim
461 834 589 907 volens
606 836 818 930 cupitorque
842 834 892 909 est
913 835 987 911 suae

52 931 262 1023 „essentiam
284 933 402 1028 itaqu
450 956 498 1008 ue
514 931 648 1020 Filius,
671 933 735 1028 qui
756 934 810 1007 illi
836 956 884 1007 ex
908 932 989 1008 sub·
1057 937 1064 945 “

52 1029 426 1206 „mptopriuse
461 1084 475 1123 ,
498 1056 575 1107 non
597 1032 647 1107 est
665 1033 721 1107 iiii
736 1034 852 1110 invito
868 1034 989 1132 super·

51 1179 80 1223 v

159 1347 364 1418 ORATIO
408 1347 631 1431 QUARTA
673 1350 885 1421 CONTRA

397 1458 643 1526 ARIANOS.

861 1544 874 1585 O

56 1638 89 1693 t.
117 1620 170 1749 1¹¹
185 1613 256 1690 hac
273 1614 436 1691 oratione
443 1615 480 1691 S.
489 1609 709 1691 Athanasius
719 1611 878 1693 Arianos
890 1609 986 1693 tefu-
999 1632 1097 1706 ,uun
1105 1634 1170 1707 n.-

179 1727 234 1789 tat
256 1715 443 1813 probando
467 1713 631 1792 Verbum
650 1714 720 1789 effe
746 1730 924 1793 aeternum
948 1715 986 1792 &
1000 1721 1171 1808 taceam»-

53 1810 154 1890 Patri
186 1813 503 1890 consubstantiale:
543 1810 793 1904 Sabellianos,
834 1819 895 1912 qui
927 1806 1164 1895 rie-W

54 1913 211 2008 gubant,
255 1912 388 1989 Filium
423 1912 493 1986 eise
526 1911 713 2009 personam
743 1914 991 1992 ditiintiama

54 2012 212 2089 Persona
234 2013 371 2088 Patris:
406 2010 445 2087 δι
464 2010 719 2099 paulianistas,
745 2017 806 2107 qui
829 2012 991 2091 Verbum

15 2124 24 2131 “
53 2134 79 2187 ιι
100 2110 196 2187 Filio
222 2111 312 2202 Dei,
342 2110 381 2187 u
411 2111 640 2186 Paracletum
664 2134 685 2184 a
708 2110 846 2209 Spiritu
871 2110 990 2188 stando

10 2264 13 2269 -
54 2210 327 2306 distinguebant.
363 2212 492 2299 Quoad
504 2210 661 2306 primum
677 2210 787 2305 igitur
803 2212 873 2286 ait:
900 2208 989 2299 „Ex

10 2370 13 2379 .
54 2308 163 2403 „Deo
181 2308 280 2385 Deus
294 2311 346 2384 est
357 2310 530 2397 Verbum,
545 2307 583 2384 dt
596 2308 696 2383 Deus
716 2325 794 2385 erat
812 2310 987 2400 Verbum,

10 2414 20 2509 ἰ
55 2410 266 2501 „Caeterum
282 2412 367 2506 quia
384 2407 545 2485 Christus
558 2431 606 2481 ex
624 2407 704 2482 Deo
719 2409 839 2493 Deus,
856 2409 894 2483 dt
910 2410 986 2485 Ra·

10 2516 14 2551 *
55 2510 137 2601 „tio
159 2507 250 2596 Dei,
265 2507 306 2584 δι
325 2510 531 2605 Sapientia,
549 2505 587 2582 ἃ
601 2504 790 2596 Potentia,
804 2508 842 2584 δι
856 2508 986 2597 Filius,

54 2608 164 2701 „ideo
178 2631 273 2682 unus
290 2607 390 2681 Deus
412 2609 449 2682 in
472 2606 578 2682 sacris
591 2606 786 2703 Scripturis
803 2608 988 2684 renuntia·

55 2720 161 2798 „turt
185 2729 270 2782 cum
292 2707 387 2780 enim
414 2707 506 2781 tatio
525 2703 569 2785 stt
585 2705 693 2781 unius
713 2706 802 2796 Dei,
828 2707 911 2782 ideo
926 2706 955 2781 F
955 2707 988 2782 i·

56 2805 155 2899 „lius
177 2805 215 2880 in
230 2827 314 2880 eum
333 2807 507 2890 refertur,
530 2802 635 2900 cujus
651 2803 699 2878 est
716 2802 850 2895 Filius,
875 2806 928 2881 ita
944 2816 988 2881 ut

57 2906 157 2999 „dud
180 2904 327 3001 quidem
351 2903 419 2980 smt
439 2904 546 2980 Patet
569 2904 606 2979 δι
620 2901 649 2977 F
650 2903 755 2991 ilius,
780 2903 840 2979 sed
862 2916 988 2978 tamen

38 3007 203 3103 ¹„unitus
226 3003 382 3081 Deitatis
408 3014 594 3080 remaneat
616 3023 729 3098 eaque
752 3000 988 3079 indivifibilit.
1128 3058 1131 3065 .

10 3168 12 3173 .
38 3104 222 3196 ,Poterit
239 3116 363 3178 autem
379 3103 417 3179 δι
434 3103 486 3178 ita
502 3103 595 3189 dici,
625 3124 738 3176 unum
761 3102 830 3176 eise
853 3100 992 3177 Princi-

56 3202 182 3300 „pium
199 3200 376 3292 Deitatis,
400 3227 449 3276 ex
462 3224 534 3299 quo
550 3198 725 3298 principio
742 3199 858 3276 existit
875 3198 991 3276 Filius

58 3322 147 3400 „per
169 3302 348 3378 daturam.
398 3299 715 3390 Quemadmodum
733 3311 856 3377 autem
872 3318 992 3393 uuum

10 3438 16 3447 ·
57 3400 315 3497 „principium
338 3400 376 3477 dt
399 3424 464 3496 pro
489 3425 535 3474 eo
557 3399 731 3497 principio
754 3422 848 3475 unus
876 3388 992 3485 Deus,

11 3550 15 3555 -
53 3501 133 3591 ¹„ita
156 3500 262 3597 plane
286 3522 358 3575 una
386 3497 436 3575 est
464 3497 635 3584 essentia,
660 3516 708 3572 ex
731 3517 801 3595 qua
832 3492 993 3573 Verbum

10 3601 184 3697 .·„‚quod
201 3623 274 3673 non
290 3598 496 3698 fimpliciter
512 3620 584 3674 vox
601 3595 833 3691 fignificativa
855 3593 916 3680 est,
932 3590 994 3667 sed
1156 3618 1159 3625 ·

10 3760 13 3767 .
60 3697 308 3789 „substantiale
328 3700 500 3795 quiddam
522 3693 560 3775 δι
586 3692 825 3774 substantialis
841 3692 993 3790 Supiem
1060 3728 1075 3831 ι

95 3803 535 3899 mandamentum
708 3786 741 3869 Y
895 3784 1070 3889 ..dui
