2454 4344
246 252 251 261 ’
306 279 501 400 Apologia
528 284 577 373 od
607 232 919 402 Cmflomimn„
977 232 1093 405 275¹

122 460 268 567 „etiam
282 467 400 569 major
413 492 496 570 pars
514 448 673 549 civilatir
694 473 886 571 aSyriano
908 471 1063 571 postula-

122 576 239 666 „bat,
263 571 325 670 qui
340 572 451 647 etiam
468 573 506 648 io
520 571 557 647 sc
569 572 747 648 saliorum
760 573 993 672 jurejurando
1007 575 1062 649 af·

111 671 333 765 ,limabat
395 672 551 770 Syriano
572 674 683 768 igitur
705 675 805 753 hanc,
821 695 940 748 rerum
961 676 1061 773 quie·

123 780 231 862 „tem
264 773 517 868 promittente,
557 786 759 848 conventus
788 775 951 849 omnium
977 796 1063 851 cum

123 871 290 966 „gaudio
306 871 344 946 iu
362 869 529 946 Ecclesris
546 869 693 951 fiebant.
708 893 780 969 quo
797 886 960 969 tempore
977 894 1062 948 cum
1170 927 1173 935 ,

122 970 273 1062 „subito
296 969 473 1070 Syrianus
499 993 581 1044 cum
606 972 801 1053 militibus,
828 966 1062 1046 suadentibus

123 1069 315 1163 ,Arsacia
333 1072 371 1145 in
390 1069 584 1144 Ecclesiam
600 1072 739 1167 irrupit,
762 1093 831 1167 ego
849 1086 972 1147 autem
992 1072 1085 1167 pri·-
1126 1098 1129 1107 ¹
1213 1122 1218 1133 ·

124 1191 260 1261 „mum
274 1166 447 1243 admonui
465 1169 650 1265 populum.
667 1186 710 1244 ut
722 1171 966 1249 discederent.
983 1172 1062 1267 qui·
1149 1191 1154 1202 '

124 1270 227 1358 „bua
241 1264 401 1364 digressis
415 1270 611 1344 abitionem
629 1271 715 1344 inde
731 1270 880 1346 molitus
897 1271 994 1356 sum,
1017 1293 1063 1347 ac
1090 1324 1094 1329 -

124 1366 229 1466 „jam
245 1369 330 1442 inde
345 1369 384 1442 in
403 1363 592 1441 solitudine
612 1373 741 1443 versor.
764 1369 824 1444 sed
844 1394 921 1444 uon·
933 1371 1005 1445 sune
1019 1367 1063 1445 fi·

123 1467 265 1559 „ducia
282 1468 368 1549 mei,
386 1470 541 1562 primum
557 1470 654 1564 apud
672 1467 803 1551 Deum,
820 1470 949 1544 deinde
966 1468 1064 1568 apud

125 1579 193 1658 „te
211 1566 426 1649 excusandi,
452 1566 560 1661 fiquis
576 1591 635 1640 me
650 1569 814 1646 accusare
832 1570 940 1649 velit,
965 1570 1065 1665 qnod

126 1667 246 1762 „suga
269 1665 442 1763 populum
468 1666 707 1745 deseruerim,
743 1691 826 1743 cum
851 1656 976 1744 telleln
998 1694 1081 1770 pro,

129 1787 221 1857 „me
237 1765 391 1842 habeam
415 1765 529 1862 ipsum
554 1766 809 1865 persecutionis
825 1770 968 1845 ducem.

203 1984 241 2062 7.
268 1961 416 2058 „Hujus
441 1983 528 2038 vero
545 1961 663 2047 salla,
689 1976 869 2062 quotquot
893 1963 973 2041 sunt
1000 1963 1064 2040 ho·
1079 1970 1201 2055 Episco-

124 2062 290 2156 „mines,
313 2065 502 2145 mirantur,
520 2067 680 2159 oportuit
702 2067 796 2140 enim
815 2086 878 2140 aut
893 2068 1132 2141 abstinerem
1144 2074 1217 2138 gre-

129 2174 245 2254 „eum
263 2184 285 2237 a
302 2163 498 2258 pronubis,
524 2176 588 2237 aut
609 2164 769 2258 promissa
798 2191 866 2261 non
892 2166 1065 2240 frustrari:
1079 2147 1213 2230 ΨΜ

131 2261 257 2353 „Quid
283 2262 397 2337 causae
420 2261 515 2344 suit,
537 2284 600 2337 cur
615 2263 685 2339 hoc
707 2264 892 2341 consilium
918 2267 1063 2359 suscipe·
1078 2228 1211 2376 {²2de

131 2373 230 2453 ‚‚ret,
253 2375 317 2437 aut
342 2383 409 2457 per,
430 2362 556 2435 dolum
587 2362 731 2439 insidias
756 2363 941 2439 tentaret?
967 2365 1065 2461 quod
1183 2413 1185 2417 ι

132 2460 198 2552 „in
228 2457 306 2556 ejus
335 2459 507 2556 potestate
532 2475 631 2550 erut,
666 2466 775 2538 unico
799 2466 891 2539 dioro
919 2465 966 2541 in·
984 2466 1088 2546 scri-r.

127 2558 228 2656 „ptis
256 2560 513 2654 comprehenso
548 2585 569 2635 a
602 2586 662 2636 me
693 2564 898 2661 impetrare.
968 2548 1067 2652 Quid
1206 2607 1215 2663 χ

133 2659 277 2754 „iniqui
318 2661 363 2734 ab
403 2683 447 2733 eo
490 2659 714 2756 petebatur?
754 2664 872 2751 ¹Quis
905 2687 976 2739 non
1012 2664 1067 2740 di·

134 2760 260 2852 „xerit
287 2755 484 2834 illiusmodi
518 2760 792 2856 postulationem
824 2764 862 2836 in
893 2761 1067 2859 Episcopo
1136 2756 1170 2810 ’-

133 2879 307 2953 „aequam
332 2858 433 2933 esse‘l
502 2860 657 2935 Ecclesia
693 2886 764 2941 non
798 2861 992 2937 deserenda
1022 2863 1069 2937 ab

129 2958 351 3054 „Episcopo
415 2959 510 3034 Sane
532 2956 660 3033 Ariani
689 2961 879 3056 &reliqui
906 2960 1069 3037 haeretici

133 3079 229 3155 „per
246 3056 399 3133 nostram
421 3061 615 3133 absentiam
635 3063 942 3156 opportunitatem
961 3083 1070 3136 vena

134 3159 317 3249 „bantur,
342 3173 384 3232 ut
409 3159 581 3254 populum
605 3161 651 3234 ad
676 3162 901 3256 impietatem
927 3161 1070 3235 seduce-

133 3267 255 3348 „rent
331 3257 371 3331 Si
393 3258 504 3352 igitur
529 3259 708 3353 fugissem,
733 3282 842 3357 quam
870 3264 1071 3337 excusatio.-
1184 3287 1185 3291 ¹

133 3378 246 3448 „nem
265 3355 361 3452 apud
380 3380 485 3430 veros
509 3357 728 3451 Episcopus,
756 3360 813 3433 vel
829 3363 950 3455 potius
962 3352 1071 3457 'apud
1163 3397 1167 3409 =

109 3455 297 3551 ·-„Deum,
332 3456 368 3530 ui
382 3456 472 3530 mihi
492 3457 587 3533 hunc
603 3480 749 3556 gregem
763 3461 1071 3545 concrediditha·

134 3552 337 3648 „buissem
391 3557 584 3643 Quomodo
603 3581 662 3632 me
681 3581 752 3631 non
769 3572 831 3632 tua
855 3560 971 3654 pietas
996 3582 1072 3633 rne-

134 3655 237 3747 „rito
253 3651 488 3751 objurgasset:
513 3672 635 3731 cortu
656 3659 1012 3753 cumdiplnmatibus
1034 3657 1073 3731 in

133 3751 1074 3937 „Ecclesiammuomiffwgnediplomatibusc-legpq

669 3878 696 3951 a
816 3873 819 3880 ’
922 3906 947 3946 ,,
975 3875 1046 3929 eris
