2468 4358
1048 164 1054 175 κ
1123 142 1127 233 t

102 172 105 185 Ι
141 264 201 357 74
354 223 399 333 S.
416 242 587 349 ,Aaron
608 239 677 328 Μ.
687 164 890 358 Abbaric

44 499 50 515 ,
143 435 293 520 „mente
315 423 425 503 simus
448 450 555 526 pura:
581 426 786 526 persuasum
799 427 931 524 quippe
947 423 1087 515 habeo,
1125 424 1127 429 ’

26 612 28 616 ³
144 527 331 618 ,animam
349 528 497 603 omnino
515 550 642 624 puram
662 528 900 626 perspicacem
920 525 1031 611 sore,
1043 523 1088 605 dt.

143 626 266 725 „posse
283 630 478 704 remotiora
494 630 632 716 videre,
648 651 759 726 quam
776 625 945 703 diabolus
957 624 1090 704 Domi.
1125 682 1127 689 .

144 750 222 817 „no
248 722 313 826 ipsi
337 727 543 819 revelante,
569 727 689 826 quasis
713 739 792 802 erat
816 724 935 802 Elisaei
951 728 1090 813 mens,

43 890 47 900 .
146 847 258 923 „quae
287 849 392 903 resa
417 829 522 903 Giezi
547 829 662 924 gestas
686 824 896 924 conspexit,
929 845 1086 927 quaeque
1121 836 1127 887 ἓ

145 926 267 1018 „vidit
281 927 482 1004 exercitum
498 950 546 1002 ex
564 928 626 1004 sua
642 941 744 1026 parte
760 926 924 1003 stantem.

0 1134 119 1226 'fferea-
224 1139 258 1209 8.
287 1123 408 1214 „Cum
435 1147 522 1221 ergo
550 1123 658 1199 nostu
681 1145 749 1198 vos
772 1122 947 1207 adibunt,
972 1112 1012 1192 dt
1032 1109 1090 1189 dis
1124 1136 1127 1143 ·

0 1258 1 1264 1
33 1227 114 1288 inter
149 1236 277 1312 „cent:
303 1223 583 1320 sumussingeli,
601 1247 647 1298 ne
664 1223 774 1299 fidem
790 1222 969 1309 habeatis,
983 1236 1091 1301 ment

1 1330 61 1460 ”12³
95 1307 134 1377 59
150 1323 315 1439 „tiuntur
340 1326 482 1439 quippe.
507 1390 510 1405 .
546 1323 588 1400 Si
610 1322 803 1438 asceticum
829 1321 983 1398 vestrum
1008 1314 1088 1428 lqu-

3 1413 133 1573 *aii
150 1419 1088 1620 ”sistttssmt’trististristis&

147 1574 422 1713 :evanesceres
445 1623 564 1715 timidi
589 1577 727 1721 quippe,
749 1622 850 1710 sunt,
884 1618 1104 1716 disignum.

147 1721 369 1825 „dominicae
386 1725 503 1798 crucis
521 1722 720 1799 admodum
737 1722 1008 1819 pertimescunt,
1022 1718 1088 1792 isso

148 1822 410 1920 „quippeipsos
418 1823 591 1901 Salvator
601 1821 771 1920 spoliatos
780 1823 902 1920 palam
911 1815 1089 1897 traduxit.
1113 1850 1117 1863 ¹

148 1918 251 2012 „Cos
263 1949 297 1999 2.
316 1948 348 1998 v.
364 1950 418 2016 15.
472 1923 513 1998 Si
528 1921 718 1999 institerint
733 1922 996 2020 impudentius,
1013 1917 1088 1993 sor-

9 2057 12 2065 ,
145 2044 254 2113 „mas
275 2036 565 2111 commutantes,
586 2024 880 2107 deterreamini:
907 2025 1089 2099 bonorum
1114 2044 1124 2067 τ

147 2114 275 2217 sienim
290 2123 544 2218 malorumque
562 2121 790 2219 praesentiam
798 2119 1094 2199 internoscerein

147 2235 345 2320 „promptu
361 2222 430 2309 est,
454 2223 577 2297 diviua
599 2220 734 2298 scilicet
752 2244 834 2320 ope,
873 2219 1094 2298 Sanctorum

147 2321 306 2419 „quippe
321 2321 406 2397 vifio
419 2346 494 2397 non
510 2322 818 2419 perturbationem
824 2320 960 2398 adfert.
977 2316 1090 2418 Is.4a.

148 2444 207 2512 „n
219 2447 252 2496 2.
312 2420 462 2497 Sedita
486 2421 626 2518 placide
649 2421 712 2511 sit,
739 2435 781 2498 ut
804 2416 1091 2514 gaudium-hinc

149 2521 310 2611 „animae
328 2521 531 2601 exoriatur:
562 2543 646 2597 cnm
667 2523 744 2597 illis
757 2521 890 2618 quippe
906 2518 1091 2595 Dominus

31 2668 34 2675 ›
148 2618 247 2722 „est,
270 2621 333 2717 qui
351 2622 509 2697 nosirum
531 2622 714 2716 gaudium·
727 2621 788 2707 est.
848 2618 982 2708 Quodsi
1010 2617 1091 2715 qni·

150 2719 276 2808 „dam,
293 2726 421 2817 utpote
439 2721 626 2807 homines,
643 2723 821 2797 bonorum
838 2720 1011 2803 visionem
1024 2740 1091 2793 ex·

148 2819 389 2911 setimuertnt,
410 2820 449 2896 hi
465 2833 604 2897 metum
626 2821 700 2895 iilis
723 2821 913 2899 disesiione
936 2817 997 2893 sua
1021 2814 1092 2895 sta·

147 2918 243 3010 „tim
252 2920 431 3006 adimunt,
445 2931 486 2996 ut
495 2920 681 2995 Zachariae
691 2920 838 2998 Gabriel
853 2919 941 3013 egit,
965 2915 1097 3002 sarar..

148 3044 208 3109 „aa
223 3045 279 3113 13.
304 3019 343 3096 dt
367 3020 602 3101 mulieribus,
627 3020 688 3114 qui
704 3020 742 3094 in
758 3019 881 3095 divino
899 3015 1093 3115 sepulchro

148 3120 342 3215 „apparuit
365 3119 544 3214 Angelus,
562 3118 689 3195 Morti.
707 3135 765 3204 28.
784 3145 815 3193 v.
829 3146 862 3214 5.
889 3115 928 3193 dr
945 3115 1008 3212 qni
1025 3139 1091 3213 pas

148 3216 328 3311 „storibus
343 3218 382 3309 in
395 3216 595 3311 Evangelio
613 3218 686 3294 ait:
720 3242 766 3293 ne
784 3220 930 3293 timete:
957 3215 1041 3295 Luc.
1052 3242 1090 3296 a.

149 3343 210 3409 „n
226 3340 284 3394 10:
321 3315 446 3393 Timor
463 3317 558 3390 enim
578 3339 706 3397 eorum
723 3343 797 3393 non
814 3315 990 3392 exanimi
1011 3338 1091 3393 me·

148 3429 239 3509 „tu,
272 3408 334 3492 sed
365 3440 413 3491 ex
440 3414 626 3512 praesentis
658 3417 914 3516 praestantioris
945 3429 1093 3501 nanim

149 3516 386 3613 „cognitione
400 3527 502 3593 ortus
520 3513 580 3591 est.
653 3517 835 3592 Malorum
860 3537 946 3590 vero
968 3516 1090 3591 incur·

147 3618 237 3708 „sus
260 3639 346 3692 cum
364 3615 526 3691 tumultu
544 3616 705 3703 obvenit,
722 3617 820 3690 unde
836 3616 998 3690 exoritur
1012 3616 1091 3693 ani·

278 3735 367 3803 auor
400 3726 403 3739 ’
456 3732 621 3802 cetarum
804 3735 938 3807 maeror
960 3736 1088 3804 animi,

150 3717 278 3829 ,mm
366 3712 462 3815 »ds
642 3716 781 3813 onum,
956 3715 1072 3916 οὲ·

2 3854 4 3859 ‘
181 3890 186 3906 2
870 3872 874 3879 ·
927 3839 1000 3911 22⁰
1027 3839 1093 3906 ΠΜ
