2468 4358
75 340 78 347 .
171 273 227 393 73
386 269 893 371 samositanus

121 537 126 551 ,
174 460 238 555 „dt
254 459 321 538 viri
343 457 414 537 suis
432 459 645 560 conjugibus
661 448 770 538 iidem
784 463 934 539 minime
949 463 1099 552 seruant,

55 604 59 615 ·
173 561 239 655 „du
257 561 304 637 fic
327 563 374 636 de
391 563 543 637 caeteris.
593 557 728 636 Nullus
745 563 873 661 recipit
891 562 1100 641 memoriam

105 740 109 763 ι
171 662 290 752 „Dei,
315 659 595 758 necquicquam
618 660 653 734 se
679 661 857 737 rationem
877 662 1099 739 redditurum

172 760 279 852 „Deo
315 756 391 857 post
425 773 581 836 mortem
613 757 787 848 aestimat,
840 761 878 837 dt
914 775 1098 860 propterca

171 859 484 958 „multiplicantur
511 859 629 947 mala,
664 860 835 954 quoniam
860 867 1098 939 contemnitur

83 958 88 971 '
173 959 313 1049 „Deus
379 958 602 1053 lnteiiestum
626 959 733 1033 nobis
757 959 883 1036 tribuit
911 960 1035 1048 Deus,
1064 964 1108 1038 ut'

173 1056 278 1156 „ejus
296 1058 439 1153 cognita
456 1058 644 1133 voluntate
661 1057 795 1133 bonum
815 1080 1019 1156 operemur,
1037 1081 1099 1135 nor

173 1172 322 1249 „autern
355 1157 492 1232 malum
527 1178 726 1250 operamur.
783 1156 966 1234 Virtutem
996 1162 1099 1255 nobit

171 1256 371 1348 „contulit,
395 1277 467 1352 qua
491 1255 658 1353 possumus
684 1255 818 1330 redum
845 1258 1040 1355 perficere,
1065 1259 1099 1338 dt

171 1379 268 1448 „nos
289 1357 518 1452 iniquitatem
540 1375 771 1430 exercemus:
803 1357 948 1433 divitias
964 1359 1099 1447 tribuit,

131 1484 134 1491 ¹
172 1463 242 1546 ;,ut
259 1455 505 1551 indigentibus
520 1453 782 1540 ministremus,
802 1470 842 1530 at
859 1479 925 1530 nos
943 1481 1008 1532 eos
1026 1459 1100 1555 spo·

171 1555 350 1646 „iiamus:
378 1553 620 1650 Principatum
643 1552 795 1649 largitus
817 1555 878 1643 est,
903 1568 945 1631 ut
961 1558 1123 1656 oppretle

171 1655 257 1744 „ios
286 1644 452 1750 poffimus
480 1651 694 1740 defendere,
726 1669 765 1728 at
792 1677 859 1728 nos
889 1656 1098 1733 violentiam

170 1756 251 1844 „eis
267 1752 469 1829 inferimus.
486 1773 488 1777 ·
519 1751 606 1827 Non
620 1749 680 1834 est.
694 1753 755 1849 qui
771 1768 836 1850 'per
855 1754 952 1831 viam
968 1756 1123 1833 retiam·

169 1851 381 1944 „ambulett
407 1853 477 1927 Pro
496 1851 610 1927 nihilo
626 1851 780 1928 habetur
795 1854 910 1930 virtus
923 1854 1097 1942 animu&
1111 1870 1123 1939 ἢ

152 2026 157 2031 .
170 1951 375 2042 „simulatio
388 1950 508 2050 paffim
522 1951 639 2048 magis
654 1951 791 2048 placet:
808 1953 846 2027 in
859 1948 1106 2031 abominatio-⁸

170 2076 280 2140 „nem
301 2052 401 2126 venit
420 2050 627 2137 humilitas,
653 2050 690 2126 dr
713 2053 750 2125 in
774 2053 911 2128 honore
936 2060 1096 2131 maximo
1119 2068 1123 2107 ἑ

169 2153 349 2242 „habetur
365 2151 533 2225 elationis
552 2151 775 2245 arrogantia:
817 2153 952 2229 abolita
972 2154 1022 2229 est
1038 2179 1123 2233 uo.

168 2253 303 2341 „ritas‚
328 2247 365 2324 dt
382 2250 610 2324 mendacium
633 2250 670 2323 in
694 2252 799 2326 terris
816 2252 1014 2348 praevaluit.
1065 2254 1121 2329 0·

168 2350 350 2441 „altitudo
370 2350 575 2424 diuitiarum
597 2350 828 2443 benignitatis
852 2353 890 2428 dr
912 2355 1097 2450 patientiae
1121 2442 1123 2447 .

168 2450 285 2540 „uer
310 2449 393 2545 quia
419 2447 520 2546 super
543 2448 600 2522 his
626 2451 733 2522 malis
760 2474 987 2550 nequaquam
1008 2453 1123 2529 elci·-

34 2550 36 2555 ’
168 2549 323 2638 „scitur,
357 2545 395 2622 dt
419 2545 518 2645 quast
540 2548 623 2644 pius
646 2562 749 2642 pater
772 2551 968 2626 clementer
993 2554 1098 2628 nobis
1121 2642 1123 2647 ,

166 2647 391 2740 „condolens
407 2646 506 2723 suam
526 2645 803 2725 misericordiam
826 2653 1031 2747 praetendit,
1057 2665 1097 2728 ut
1121 2658 1123 2675 '

160 2747 252 2839 „vei
266 2748 345 2822 sero
361 2744 566 2843 compuncti·
583 2747 630 2820 ad
636 2752 899 2920 guenitentiam
908 2770 1098 2849 converte&

167 2869 292 2935 „murt
318 2871 390 2920 non
414 2849 510 2921 enim
534 2845 615 2940 uult
671 2869 737 2926 eus
753 2863 908 2927 mortem
930 2864 1123 2949 peccato·-

164 2948 264 3039 „riS,
287 2945 346 3021 sed
365 2946 628 3044 poenitentiam.

0 3146 153 3232 surrr·'
222 3128 272 3221 ⁴2.
308 3141 392 3233 „Ne
415 3141 527 3238 igitur
552 3139 599 3218 sic
625 3141 860 3234 arbitremur,
893 3145 990 3245 quast
1020 3147 1096 3246 post

0 3239 35 3331 ἑο
63 3252 149 3316 w
163 3242 413 3341 „praesentem
433 3243 546 3316 vitam
572 3243 712 3319 nullum
741 3243 905 3322 futurum
930 3247 974 3322 sit
991 3245 1093 3346 judu

4 3340 109 3470 Ἥ,
162 3344 298 3434 „cium
350 3340 430 3417 Erit
444 3340 541 3416 enim
557 3341 761 3418 resurredtio
779 3344 853 3441 post
870 3360 1041 3442 mortem,
1056 3347 1093 3425 dt

0 3423 55 3557 uns,
95 3423 123 3470 '⁹
162 3438 371 3541 „judicandi
399 3442 533 3514 erimus
558 3448 588 3515 a'
606 3442 706 3530 Deo,
732 3446 794 3538 qui
815 3447 1021 3522 redditurus
1044 3446 1091 3523 est

55 3534 65 3554 ⁰
161 3540 381 3635 „unicuique
397 3539 590 3617 secundum
607 3559 716 3641 opera
737 3543 821 3618 sua:
847 3543 999 3622 sienim*
1020 3568 1090 3622 non

62 3652 69 3657 “
160 3637 238 3733 „est
252 3637 476 3725 resurredtio,
493 3662 610 3738 neque
633 3662 750 3734 mors3
783 3639 955 3721 stantem
978 3646 1089 3722 resur⁸
1121 3708 1123 3713 .

50 3796 53 3805 .
158 3737 295 3849 ,restio
310 3739 401 3832 erit,
419 3741 545 3840 utique
559 3739 598 3819 dt
609 3738 811 3840 judicium,
832 3748 894 3844 qui
911 3747 1009 3824 enim
1025 3746 1088 3822 sta*

156 3844 187 3865 μ
297 3872 300 3879 *
490 3904 493 3908 ·
681 3859 685 3866 Ι
992 3848 1087 3937 „tuit

141 3961 156 3998 b
