2468 4358
437 247 625 364 Epistnlae,
716 248 733 273 '
908 270 995 365 4⁵5

61 462 125 528 „u
138 461 197 513 co.
246 433 384 511 Verum
405 433 570 510 ditinum
590 434 777 510 oraculum
803 435 851 511 stc
871 436 1019 526 habet,-

62 560 177 629 ‚,cum
203 536 349 632 quidam
375 537 471 609 enim
499 539 545 608 de
573 536 663 611 cibis
684 538 929 632 ambigerent,
953 548 997 613 ut
1035 536 1046 555 ⁶

32 712 39 727 ¹
62 658 219 730 „eorum
233 635 371 709 levaret
386 635 626 729 ignorantiam
639 634 789 731 praefata
808 635 924 712 Verba
941 637 997 712 di·
1033 718 1043 735 ‚

38 738 41 743 '
63 736 172 827 „xit,
189 733 228 809 dc
249 733 373 819 addit,
392 734 574 821 undenam
590 736 841 829 egrediantur,
858 759 906 810 ex
920 756 1000 811 cor·

61 838 140 926 „de
150 832 166 918 ,'
186 834 282 929 quod
298 835 409 930 probe
427 832 559 920 nollet,
585 832 662 909 illic
680 834 912 932 profanarum
936 859 999 909 oo·

61 933 311 1030 „gitationnm
338 932 377 1007 dt
400 931 573 1007 sceletum
592 934 710 1019 malos
727 935 835 1009 inesse
855 932 1000 1009 thesau-

62 1054 165 1127 „ron
200 1031 408 1129 Opportune
422 1054 508 1126 ergo
522 1032 654 1121 alionis
668 1034 813 1119 dixerit,
835 1033 1000 1111 naturale

63 1145 369 1225 „exctementum
385 1131 477 1206 nulli
490 1154 559 1207 nos
577 1129 747 1228 supplicio
757 1132 904 1217 addicit,
912 1135 1001 1230 quin

62 1231 132 1323 „dt
152 1229 215 1327 ipsi
239 1232 372 1307 medici
395 1230 586 1307 nobiscum
605 1232 825 1319 defendent,
850 1232 1001 1311 animoli

61 1332 201 1425 „datos
212 1329 280 1405 elle
297 1330 477 1427 quosdam
488 1329 700 1406 neceunios
714 1344 858 1409 meatus
870 1333 918 1407 ad
930 1333 1001 1407 hu·

60 1451 213 1521 „mores
230 1453 277 1503 ex
297 1431 407 1515 variis
424 1431 603 1506 membris
626 1432 845 1525 egerendos,
877 1430 1000 1527 qualit

60 1528 176 1621 ,sunt
191 1529 329 1625 'capitis
353 1542 614 1616 excrementa,
647 1531 734 1627 pili,
769 1529 1001 1627 aquositateo,

59 1649 174 1725 „quae
199 1651 248 1701 ex
271 1628 391 1726 cupite
412 1631 651 1705 emittuntur:
684 1632 822 1705 ventris
838 1630 927 1705 item
946 1628 1000 1706 io·

61 1727 224 1820 „oeffun
253 1724 389 1826 illaque
409 1727 705 1826 spermaticorum
729 1741 918 1804 meatuum
942 1727 998 1805 su·
1066 1808 1073 1831 ,
1115 1726 1132 1737 ’“

62 1826 289 1925 „perfluitan
338 1827 577 1923 Ecquodnam
594 1827 664 1901 hac
680 1829 718 1903 in
743 1850 783 1904 te
807 1840 998 1924 peccatum
1098 1836 1106 1847 ‘

60 1927 131 2020 „in
154 1925 297 2015 Deum,
330 1949 416 2002 cum
445 1928 518 2023 ipse
545 1926 746 2014 Dominus,
776 1928 837 2022 qui
861 1925 999 2003 animal

60 2021 278 2117 „oondirlit,
292 2024 331 2100 id
349 2023 533 2113 effecerit,
549 2038 592 2100 ut
607 2025 688 2101 haec
701 2026 865 2103 membra
887 2024 998 2103 errent

62 2123 479 2224 „eiusnodi-meatibus
502 2122 677 2202 instrutio.
745 2124 821 2200 Sed
855 2122 999 2205 ternuc

64 2223 249 2322 „improbi
264 2223 441 2299 dixerint:
460 2224 558 2319 Ergo
566 2248 634 2300 nec
651 2246 760 2300 verus
770 2246 897 2299 corum
915 2222 1000 2301 usuc

61 2323 143 2418 „est
167 2332 387 2421 peccatum..
406 2322 580 2419 liquidem
604 2345 784 2418 organon
813 2323 1001 2399 conditore

62 2421 186 2517 „folin
206 2419 324 2501 lunt(
347 2420 488 2500 tecum
502 2444 615 2519 quem
630 2422 724 2499 dicio
737 2422 861 2507 muru,
880 2422 1002 2517 legiti-
1115 2428 1132 2495 ¹.

10 2548 21 2557 ·
62 2520 488 2619 „nonnunqum-bens
502 2522 560 2599 his
576 2521 733 2618 permilit
745 2522 884 2599 verbis:
903 2521 1001 2597 Cres·

63 2626 166 2714 ,teiln
182 2619 223 2699 tl
239 2619 511 2719 multiplicamini.
533 2619 616 2697 Gen.
629 2646 661 2697 1.
681 2647 714 2698 o.
726 2637 785 2707 28.
812 2621 851 2697 &
870 2622 1000 2716 proba·

62 2719 350 2816 „vitApoliolos
366 2743 449 2796 cum
466 2719 579 2796 dixit:
596 2718 783 2797 domabile
797 2720 1000 2799 connubium
1080 2756 1089 2771 *

64 2817 200 2913 „Helm
211 2834 245 2911 8.
265 2845 298 2895 o.
306 2847 342 2916 4.
367 2842 416 2894 an
431 2817 617 2915 publicum
629 2817 758 2905 illum,
778 2820 840 2916 qui
854 2821 1000 2896 clancu-
1107 2838 1113 2845 '

63 2919 170 3011 „lum
194 2914 232 2997 dt
253 2917 441 2995 libidinose
465 2932 667 2995 exercetur.
725 2918 879 3016 ldipsum
898 2918 997 2997 enim

63 3016 254 3117 „quodam
266 3003 397 3105 modo,
410 3015 449 3092 tc
462 3017 621 3113 quodam
634 3029 797 3114 tempore
811 3016 994 3106 nonlicet,
1081 3058 1086 3073 ·
1209 2994 1213 3001 ¹

62 3116 251 3215 „quadam
270 3131 393 3191 autem
409 3116 550 3191 ratione
568 3115 606 3191 tc
627 3118 894 3214 opportunitate
916 3130 997 3213 per·
1147 3134 1150 3139 ·

63 3216 270 3310 „mittiturt
291 3214 331 3291 dt
345 3216 474 3291 eadem
489 3214 539 3289 est
553 3214 599 3289 de
614 3216 715 3292 coitu
730 3217 842 3293 tatio:
867 3218 997 3293 beatus

64 3317 226 3413 ;‚q‚uippe
249 3316 312 3411 qui
332 3314 371 3417 ju
384 3313 575 3410 iuventute
590 3312 703 3392 libero
713 3314 856 3413 inultus
872 3318 1001 3392 metri·

17 3414 21 3419 ’
63 3416 219 3508 ‚5monio
245 3424 375 3489 natura
400 3411 450 3488 ad
479 3412 674 3489 liberorum
711 3416 996 3511 procreationem

30 3602 41 3617 .
65 3512 179 3609 „ulos
194 3510 263 3589 est:
294 3511 418 3609 quodsi
434 3532 520 3588 vero
539 3509 587 3585 od
603 3511 812 3601 libidinem,
842 3514 998 3589 fornico·

66 3626 196 3713 „tores
215 3611 253 3687 dt
269 3610 447 3698 moechos,
463 3609 561 3709 quod
575 3611 672 3708 apud
686 3609 900 3712 Apostolum
919 3636 996 3691 mc·

11 3762 17 3787 ·.
66 3718 282 3807 ,emoratun'¹
303 3709 699 3886 brwliciunppxdpiet.
726 3736 731 3745 ·
763 3810 767 3817 ι
881 3808 981 3890 SAN
