2468 4358
20 229 28 251 '
75 304 78 308 .
228 258 441 386 -Apolagia
472 288 608 375 contra
631 267 817 357 Arianos·
913 293 999 387 197

62 461 997 528 oe===========mm===========m

161 655 583 739 nathanaeli
632 604 929 746 episcopi'
1018 642 1035 677 ·

344 781 721 850 ALEXANDRINI

86 905 394 987 APOLOGIA
424 910 664 988 CONTRA
694 909 968 990 ARIANOS.

479 1103 582 1210 §.i

397 1251 659 1339 Mannum.

68 1476 75 1485 -
140 1432 288 1533 pologia
318 1432 400 1512 haec
425 1448 552 1514 contra
569 1434 727 1512 Arianos
757 1435 795 1510 in
828 1434 998 1512 omnibus
1097 1404 1100 1409 Ι
1165 1510 1174 1549 Ι.

162 1533 414 1632 manuscriptis
436 1538 622 1611 codicibus
638 1535 820 1631 Apologia
843 1536 998 1612 secunda

64 1633 297 1722 intitulatur,
309 1634 407 1710 licet
423 1651 509 1710 ante
522 1636 679 1733 reliquas
693 1635 880 1732 apologias
897 1636 999 1710 brevi

65 1744 233 1830 tempore
252 1746 338 1808 anta
362 1736 558 1811 secundum
580 1734 681 1809 suum
704 1759 750 1808 ex
771 1735 881 1809 exilio
904 1733 998 1808 redi·
1026 1816 1033 1832 „

62 1845 145 1908 turn
161 1831 359 1928 conscripta
374 1833 503 1929 suerit3
537 1856 619 1930 quae
636 1855 723 1908 vero
746 1834 792 1906 de
808 1834 918 1905 exilio
938 1835 997 1907 Li·

61 1932 155 2009 herii
169 1931 208 2006 dr
224 1931 327 2006 Hosii
343 1933 381 2006 in
395 1932 467 2007 line
484 1933 654 2027 leguntur
669 1932 787 2006 aliena
804 1956 914 2006 manu
931 1931 998 2006 ad·

59 2028 154 2130 jetta
172 2030 263 2106 sunt.
314 2029 460 2109 Occasio
484 2030 657 2106 scribendi
677 2031 771 2106 hanc
786 2031 994 2127 apologiam

61 2131 146 2207 haec
158 2129 241 2204 suit.
289 2127 482 2226 Postquam
499 2131 537 2206 S.
551 2129 770 2205 Athanasius
785 2155 832 2203 ex
846 2132 993 2216 decreto

62 2228 220 2306 Concilii
229 2225 469 2317 Sardicenfis,
495 2229 533 2305 dr
545 2230 806 2326 Imperatorum
821 2228 995 2304 Conslan-

10 2390 12 2405 ,
62 2330 112 2405 tis
129 2327 169 2404 di
183 2326 380 2404 Constantii
395 2328 657 2404 Alexandriam
679 2329 727 2403 ad
751 2329 849 2403 suain
870 2325 998 2401 Eccle-

62 2427 151 2504 fiam
174 2427 291 2501 redux
316 2441 487 2523 expertus
505 2428 642 2514 suisset,
666 2429 764 2524 quod
778 2427 906 2501 Ariani
930 2449 996 2501 aii·
1057 2484 1061 2493 .

62 2529 186 2623 tiquas
207 2524 289 2600 suas
312 2526 513 2602 calumnias
529 2528 576 2602 de
598 2527 714 2602 occiso
735 2527 804 2602 ase
823 2525 995 2614 Arsenio,

62 2625 177 2702 stadio
196 2624 330 2712 calice,
353 2625 392 2701 dt
415 2627 554 2723 reliqua
578 2638 835 2722 recoquerent,
859 2623 898 2699 ἃ
915 2624 996 2699 ubi-

63 2748 136 2822 que
159 2723 409 2817 divulgarent,
443 2725 539 2800 hanc
560 2724 767 2820 apologiam
788 2723 922 2811 edidit,
954 2723 994 2797 in
1103 2730 1107 2738 '

64 2847 138 2922 qua
151 2822 311 2898 diversas
326 2823 491 2920 epistolas
505 2823 544 2899 dt
558 2823 637 2899 ada
654 2823 799 2920 publica
814 2823 862 2896 ad
878 2818 997 2896 vindi·

64 2923 221 2999 eandam
237 2921 337 2997 suam
345 2922 595 2998 innocentiam
609 2923 779 3018 collegit,
803 2921 900 2996 unde
915 2919 997 2997 hec

63 3020 233 3119 apologia
255 3020 295 3094 in
319 3022 410 3096 duas
432 3034 554 3117 partes
580 3021 692 3097 dividi
717 3019 847 3119 ponet,
880 3019 997 3117 prima

63 3121 227 3196 eontinet
241 3119 417 3215 Epistolas
438 3119 649 3215 synodales,
682 3120 830 3196 &alias
851 3117 995 3194 causam

64 3221 104 3298 S.
127 3216 318 3294 Athanasii
341 3232 620 3333 concernentes,
654 3218 801 3338 scriptas
826 3219 872 3293 ab
897 3241 995 3331 anno

63 3318 993 3514 {dissidiislsaiddsdlilislsss

65 3540 150 3592 anni
170 3514 333 3590 conlittae
356 3515 569 3590 refutantur.
633 3514 761 3592 Altera
785 3538 869 3612 pars
893 3537 994 3589 corn·
1130 3590 1140 3597 ,

63 3614 229 3713 plesiitur
252 3612 433 3688 historiam
446 3613 610 3704 Meletii,
643 3616 817 3712 ischyrae,
851 3612 993 3688 Arsenii

65 3716 110 3799 ab
130 3737 228 3796 anuo
247 3737 319 3810 300
345 3712 525 3814 usquead
538 3736 676 3792 annum
691 3732 787 3815 333,
819 3714 865 3793 ab
883 3709 993 3789 Eule-

443 3832 469 3911 ᾗ
550 3810 635 3911 N3
917 3810 996 3889 hia·
1136 3798 1142 3805 ’
