2468 4358
26 264 53 316 a
161 226 259 316 162·
450 155 762 337 'S.Athonofii

107 486 111 491 ,
160 420 204 484 nt
221 404 414 501 intelligat,
435 405 548 485 vitam
568 405 746 481 sacrorum
764 400 1089 501 Scriptorum'imi·

133 508 232 583 tari
259 504 406 584 studeat.
462 505 578 581 <Hanc
610 508 811 580 orationem
845 514 976 599 ptaeter
1003 502 1090 578 alios

149 606 252 681 citat
284 604 344 679 sub
372 606 519 696 nomine
555 603 593 679 S.
624 601 811 684 Athanasii
843 602 1096 677 Theodoram*

68 716 70 721 ’
160 704 243 780 dial.
257 730 290 800 3.
316 702 354 779 δι
371 703 434 778 illa
447 703 553 801 juxta
568 703 791 798 Basnagium
804 696 939 779 llnnal.
956 712 1087 797 torna.

157 802 256 880 circa
273 825 409 880 annum
427 827 499 901 330
515 801 719 901 conscripta
737 800 800 878 est.
892 808 896 817 ‘

520 1010 680 1087 ,ιι
887 1078 890 1083 Ι
1015 998 1035 1053 '.

448 1008 806 1218 ANA§LIYSIS.

164 1311 198 1366 1.
224 1282 460 1417 Athanasius
482 1302 524 1361 ur
541 1286 801 1369 lucernarionis
824 1280 949 1360 causas
978 1280 1089 1381 expli·

80 1397 88 1416 '
123 1394 126 1398 '
300 1400 379 1473 cet,
404 1385 476 1480 ipsa
501 1388 627 1462 mundi
659 1386 854 1484 primordia
877 1383 1031 1479 repetit,
1046 1379 1087 1473 3&

97 1527 107 1551 ι
159 1485 212 1561 ait
236 1483 442 1580 „opificium
459 1486 604 1569 mundi,
626 1484 663 1560 δι
676 1482 922 1569 ,universitatis
939 1480 1088 1555 creatio·

159 1606 271 1677 „nem
283 1581 389 1657 multi
401 1583 635 1659 multifariam
646 1583 858 1660 traiiavere:
872 1580 985 1677 aliqui
995 1578 1087 1657 enim

156 1682 338 1777 „fortuito
355 1683 476 1757 omnia
496 1698 583 1759 nate
605 1683 673 1759 elie
689 1683 915 1782 praedicant,
942 1679 1086 1777 tat-Epi·

67 1860 70 1873 ,
157 1782 296 1876 „curel
348 1781 483 1857 Verum
508 1781 533 1856 st
557 1784 678 1858 omnia
697 1782 769 1856 fine
786 1779 1013 1879 providentia
1026 1800 1087 1852 ex·

25 1976 32 1986 ,
68 1876 71 1881 ¹
157 1893 267 1974 „orta
292 1878 391 1968 sunt,
418 1885 578 1978 oportuit
598 1884 720 1957 omnia
743 1879 949 1977 simpliciter
971 1878 1103 1965 exori-j

156 1981 237 2073 „ri,
262 1968 444 2057 &similia
466 1979 554 2067 elle,
581 2005 697 2077 neque
713 1981 789 2054 ullo
806 1979 917 2054 modo
932 1975 1105 2058 differre,-

156 2079 223 2172 „&
244 2079 282 2154 in
301 2091 380 2154 toto
403 2079 531 2156 mundi
546 2079 644 2154 istius
661 2102 821 2178 corpore,
843 2076 933 2152 nihil
950 2074 1016 2151 nisr
1031 2074 1087 2151 vel

30 2263 31 2266 .
68 2168 77 2179 ’
156 2176 316 2272 ,‚solem,
340 2176 398 2254 vel
416 2177 539 2253 lunam
556 2177 624 2254 &e
641 2179 719 2254 elle.
772 2177 949 2256 Videmus
965 2191 1087 2253 autem

66 2336 70 2343 -
156 2278 283 2369 ,aliud
301 2275 411 2352 solem
432 2277 471 2354 δι
494 2276 619 2353 lunam
637 2277 706 2355 &c
730 2277 817 2367 esse,
840 2277 901 2374 qni
915 2277 1007 2363 ordo
1024 2274 1094 2349 to·

10 2406 18 2439 2
59 2374 61 2379 ’
155 2387 354 2469 „etunento
375 2375 445 2463 est,
470 2399 543 2451 non
568 2374 691 2473 sponte
712 2400 769 2452 res
787 2389 928 2453 creatas
941 2370 1091 2482 prodiis·.

63 2498 67 2505 ’
95 2544 97 2548 .
156 2474 241 2567 „le,
256 2474 320 2561 seri
331 2475 475 2551 causam
492 2471 704 2551 effeilricem
720 2473 934 2573 praecelltlie‚
952 2498 1000 2548 ex
1010 2495 1085 2573 qua

35 2589 38 2667 J
153 2574 520 2666 „autoremomnium
529 2572 647 2663 Deum
667 2574 862 2670 intelligas.
897 2572 974 2649 Alii
993 2574 1086 2649 inter

154 2688 275 2768 ,',quos
296 2673 346 2746 est
362 2672 487 2763 Plato,
513 2697 561 2748 ex
582 2673 830 2771 praeexistente
854 2673 1085 2770 ingenitaque

18 2804 22 2813 ’
154 2773 333 2862 „materia
362 2770 480 2847 feciffe
513 2772 631 2853 Deum
663 2773 825 2850 universa
854 2771 1084 2850 arbitrantur.

153 2870 255 2971 „Sed
281 2871 319 2944 hi
343 2895 416 2945 non
441 2869 618 2962 sentiunt,
643 2871 677 2947 le
699 2873 778 2947 Deo
795 2870 1086 2948 imbecillitatem

109 3038 113 3045 s
153 2969 387 3067 ,‚injungere‚
415 2972 476 3066 qui
497 2971 587 3046 citra
611 2972 803 3047 materiam
829 2969 924 3046 nihil
943 2992 1085 3063 eorum,

62 3129 63 3132 κ
128 3148 133 3159 ,
153 3091 262 3165 „quae
282 3066 359 3141 fieri
372 3068 517 3154 debent.
538 3069 639 3166 potiit
655 3071 829 3157 condere,
848 3072 1086 3168 quemadmo-

31 3258 34 3263 ,
154 3168 271 3259 „dum
293 3165 384 3242 fabri
411 3169 640 3243 imbecillitas
658 3171 755 3244 ineo
773 3169 843 3256 est,
869 3170 968 3267 quod
991 3167 1086 3246 nihil

153 3264 282 3363 „potiit
298 3265 369 3367 fine
386 3266 495 3362 lignis
507 3269 704 3354 conticere,
730 3271 869 3365 eritque
887 3266 996 3367 juxta
1012 3268 1087 3345 ho·

45 3378 50 3383 “
150 3388 259 3455 „rum
277 3366 483 3459 opinionem
501 3390 575 3442 non
587 3370 752 3444 conditor
769 3392 902 3454 rerum,
919 3366 980 3445 sed
995 3369 1087 3445 arti·

41 3518 44 3527 -
151 3456 252 3554 ..fem
298 3465 471 3541 Haeretici
489 3486 594 3561 porro
615 3468 725 3543 alium
748 3467 809 3541 fibi
832 3491 953 3543 rerum
969 3466 1084 3564 opili-

151 3587 260 3656 „cem
278 3563 419 3657 lingunt
433 3577 536 3640 extra
550 3566 694 3642 Patrem
716 3567 759 3641 D.
778 3567 918 3667 N.*]eli1
935 3564 1084 3661 Christi,

97 3708 100 3713 «
149 3687 264 3757 „cum
290 3673 413 3743 tamen
440 3663 618 3743 Dominus
641 3666 689 3743 ad
714 3664 861 3777 Jutlaeos
878 3667 1104 3844 ‘loquanArna

146 3804 153 3815 ⁴
391 3812 398 3823 '
992 3818 1018 3863 rr
