2468 4358
10 40 73 273 ξ.

296 252 432 344 Oratio
461 232 598 343 contra
622 208 766 367 gouer.
902 253 993 370 [¹⁵7
1095 272 1099 276 ’

58 434 170 529 „Ell'e
194 434 306 532 igitur
325 438 484 515 animam
500 438 715 517 rationalem
732 441 771 518 iu
785 435 993 543 homiuibus

57 537 173 629 „satia
193 536 475 615 demonstratum
494 538 658 616 arbitror.

10 784 13 835 :
79 726 82 731 ’
133 758 194 833 14.
233 733 368 822 „Quod
400 744 522 810 autem
549 734 765 810 immortalia
795 733 839 811 fit
868 735 989 816 anima
1004 744 1125 817 Aaou
1149 776 1160 819 ,-

10 834 335 1007 oritur}
356 834 815 1010 ἔέεεέϊϊέτέε
830 829 1140 1010 §luitur

10 998 13 1005 ·
55 982 81 1021 ra
188 990 197 1001 ·
576 989 586 1007 ο
635 982 640 995 ·
1122 1003 1129 1016 .

10 994 196 1122 ⁸⁸„aliam
211 1030 316 1107 ellea
333 1055 482 1129 corpore
505 1031 597 1107 ratio
620 1031 894 1121 demonstrauit,
928 1000 1153 1108 roms*
1193 1039 1206 1100 p

10 1148 13 1157 ·
56 1130 216 1228 „oeffum
232 1129 281 1204 est
297 1132 456 1205 animam
471 1131 713 1206 immortalem
730 1131 811 1219 elle,
831 1155 876 1206 eo
892 1132 989 1229 quod

10 1236 15 1349 ἑ
56 1228 471 1326 „corpori-umilitodine
488 1253 562 1304 non
582 1230 802 1328 respondeat.
852 1231 991 1307 Rursus

10 1354 14 1419 f
57 1327 256 1419 „lianima
273 1350 405 1426 corpus
424 1342 568 1413 movet,
600 1351 669 1403 nec
696 1332 741 1403 ab
764 1328 841 1404 alio'
864 1353 991 1409 morer

56 1442 163 1516 „tum
189 1425 409 1523 consequens
436 1427 506 1514 est,
528 1426 683 1524 ipsama
705 1427 745 1521 *se
768 1432 924 1518 moveri,
951 1429 992 1509 dt
1032 1424 1034 1435 ’

57 1523 271 1624 „postquam
287 1550 416 1623 corpus
433 1542 539 1602 terrae
555 1528 784 1603 inhumatum
800 1524 860 1617 eli,
877 1526 997 1627 ipsam.

58 1625 207 1716 „rursus
222 1649 245 1700 a
261 1624 296 1699 se
313 1629 473 1711 moveri,
493 1628 676 1701 nonenim
692 1628 813 1707 anima
826 1625 887 1718 est,
905 1647 990 1726 quae
1062 1654 1075 1705 ε.

57 1726 259 1816 „moritur⁹
283 1722 342 1803 sed
366 1728 412 1799 ob
434 1723 513 1822 ejus
528 1723 712 1801 discessum
729 1747 859 1823 corpus
877 1729 988 1803 mori·

56 1837 159 1914 „tum
187 1821 211 1897 st
233 1825 344 1919 igitur
360 1825 423 1900 illa
440 1848 463 1898 a
483 1837 877 1921 commoveretur,
902 1844 987 1901 con·

56 1921 234 2025 „sequena
252 1923 357 2010 eliet,
371 1924 581 1997 discedente
596 1935 737 1999 motore
754 1922 866 2021 ipsam
882 1924 986 2001 mori.
1129 1932 1132 1942 '

57 2021 216 2112 „Quodsi
247 2024 369 2097 anima
390 2034 516 2097 movet
544 2043 695 2119 corpus,
732 2022 849 2098 multo
870 2024 989 2120 magia
1116 2094 1119 2104 ,
1162 2084 1181 2111 ,.

57 2120 261 2211 ..necessum
284 2122 354 2208 est,
379 2120 442 2197 srbi
463 2119 608 2216 seipsam
630 2122 820 2197 motricem
838 2121 924 2211 elle,
948 2120 990 2198 dt

58 2221 168 2318 „quia
182 2242 203 2293 a
216 2219 256 2293 se
272 2234 460 2308 movetur,
483 2220 712 2297 necessarium
728 2219 799 2308 eli,
818 2243 898 2299 eam
914 2220 995 2318 poll*

45 2332 238 2409 „mortem
256 2321 415 2416 corporis
433 2320 573 2404 vivere,
595 2332 718 2395 motus
738 2322 835 2395 enim
854 2322 1003 2397 animae·

10 2457 11 2464 τ
56 2418 176 2508 „nihil
191 2417 292 2491 aliud
311 2417 384 2505 est,
418 2440 526 2513 quam
549 2419 624 2494 vita
645 2417 775 2516 ipsius,
800 2418 889 2495 srcut
908 2441 988 2495 cor·

10 2551 13 2567 »
56 2539 152 2616 „pua
179 2517 476 2603 viveradicum,
502 2540 585 2592 cum
612 2531 789 2597 movetur.
845 2517 995 2595 Deinde

10 2630 14 2648 ¹
55 2618 205 2708 „anima
226 2614 318 2712 saepe
335 2637 485 2712 corpore
502 2617 541 2692 in
556 2613 648 2689 lesio
661 2617 804 2711 jacente
820 2613 894 2691 sme
909 2640 989 2693 om·

10 2730 14 2749 '
55 2712 122 2808 „ni
136 2729 243 2790 motu
256 2711 329 2812 ipsa
348 2714 420 2790 suis
444 2716 581 2791 viribus
600 2716 758 2789 excubat
780 2738 931 2790 manens
949 2716 988 2793 iu

10 2813 14 2862 ²
54 2835 255 2911 „eorpore,
277 2835 360 2911 quae
389 2813 491 2912 supra
518 2825 651 2894 terram
682 2814 784 2904 sunt,
810 2815 985 2910 imagina-

10 2931 14 2947 ’
55 2927 163 3005 „turz
191 2913 289 3008 Ergo
316 2912 433 2988 multo
460 2913 577 3008 magis
602 2910 764 2988 absoluta
792 2934 988 3031 acorpore
1198 2992 1203 3005 ,

10 3025 15 3045 ’
55 3011 232 3106 „habebit
250 3012 478 3109 liquidiorem
501 3012 786 3087 immortalitatis
811 3011 987 3108 cogurtio·
1095 3081 1098 3087 ,

10 3125 14 3144 ’
53 3134 188 3204 „nem,
216 3111 254 3188 dt
283 3114 397 3187 vitam
417 3109 655 3209 superstitem,
682 3133 765 3207 quae
788 3131 988 3208 numquam

10 3208 12 3261 :
55 3209 239 3303 „defimra
263 3209 331 3297 est.
357 3210 467 3306 idque
493 3208 571 3306 ejus
594 3230 703 3306 opera
715 3264 731 3300 „
751 3211 813 3308 qui
834 3234 916 3286 eam
937 3210 989 3286 ita

53 3308 246 3407 ,mndidlt
281 3330 345 3408 per
375 3308 478 3385 suum
510 3307 671 3383 Verbum
712 3307 757 3384 D.
791 3305 838 3385 N.
869 3308 990 3408 Jesum

53 3406 286 3502 „Christumt
331 3406 415 3483 ideo
452 3407 549 3483 enim
588 3406 807 3484 immortalia
842 3409 988 3483 ratioci-

23 3596 26 3600 ,
53 3519 200 3701 'wlsi
221 3505 260 3586 dt
294 3506 467 3604 intelligit
474 3554 497 3601 ,.
527 3505 612 3604 quia
635 3505 676 3583 dr
701 3505 775 3606 ipsa
801 3505 990 3584 immorta-

10 3648 13 3687 ἰ
52 3656 67 3703 5
149 3628 171 3683 e
201 3662 211 3683 ι
860 3666 864 3677 .

759 3752 1005 3899 15.„Qoorlli¹
