2468 4358
299 256 437 350 Oratio
467 254 604 349 cauria
624 256 780 391 'genua
909 282 1023 387 apg¹
1155 344 1157 355 .

105 404 235 527 antarii
255 446 297 529 ,in
314 447 392 547 Job.
452 452 512 545 46.
539 445 756 545 Fragmenta
777 461 1002 526 commenta·
1108 499 1111 504 ‹

128 551 170 624 in
198 549 351 623 cantica.
410 569 471 646 47.
505 546 722 644 Fragmenta
749 551 1001 626 commentarii

114 648 347 739 Matthaeum.
392 663 453 744 48.
480 647 518 723 in
534 644 683 722 Lucam.
741 673 801 746 49.
819 648 857 722 in
874 648 1001 745 episto·
1131 716 1134 721 .
1179 663 1191 679 “

105 770 137 823 nr
162 746 212 822 ad
241 747 430 833 Hebraeos.
482 771 541 843 50.
567 746 785 841 Fragmenta
815 771 861 821 ex
888 750 1000 846 pano·
1104 754 1110 784 ¹
1150 811 1156 825 .

105 845 360 943 iaEuthymii.
420 871 477 940 51.
504 845 761 943 interpretatio
785 846 824 922 in
855 848 1000 944 symbo-

105 970 152 1022 m.
199 971 257 1042 52.
282 944 540 1040 Fragmentum
557 944 667 1023 aliud.
721 969 779 1042 53.
805 944 1001 1042 Fragmen-

117 1044 386 1120 aFelkmanno
404 1041 563 1119 collesta.
603 1038 608 1069 ²
615 1066 674 1142 54.
687 1043 743 1118 De
756 1068 887 1119 novem
909 1044 1000 1122 insa·
1148 1060 1154 1112 ·,

105 1144 247 1219 bilibus
263 1143 400 1218 morbis
425 1142 597 1218 Herodis.
650 1167 708 1239 55.
729 1142 785 1218 De
799 1142 896 1218 falsis
912 1145 1000 1219 Pro·

105 1245 199 1318 retis.
229 1249 294 1358 po.
311 1244 351 1345 ln
368 1241 479 1316 illud:
497 1242 559 1337 qui
573 1242 716 1339 respicit
729 1241 917 1318 mulierem
926 1241 998 1320 &c

105 1368 127 1437 r.
162 1344 217 1443 lu
231 1342 342 1417 illud:
368 1340 515 1415 laudate
533 1340 731 1416 Dominum
754 1341 800 1415 de
816 1355 912 1418 terra
928 1342 999 1423 διο.

105 1456 127 1527 t.
162 1438 424 1536 Fragmentum
451 1462 499 1513 ex
531 1439 696 1525 sermone
719 1454 846 1519 contra
871 1464 1001 1525 omnus

105 1539 234 1618 ereses.
286 1565 344 1636 59.
364 1538 638 1634 Fragmentum,
652 1539 824 1623 inillud:
850 1540 892 1617 Si
914 1564 1002 1617 ocu·
1120 1602 1125 1629 ,

105 1653 236 1714 stuus
254 1638 472 1727 scandalizat
490 1650 528 1712 te
542 1636 613 1714 &a
659 1644 719 1715 oo.
745 1638 1005 1738 Fragmentum
1120 1709 1123 1713 ,
1175 1710 1181 1716 .

105 1760 202 1814 raece
231 1763 278 1812 ex
304 1736 450 1835 epistola
476 1737 524 1817 ad
551 1735 811 1834 Eupsychium.
858 1745 916 1818 on.
948 1738 1008 1816 Ex
1141 1814 1144 1819 ,
1197 1758 1199 1767 ’

105 1838 218 1914 istola
231 1839 279 1914 ad
297 1836 552 1935 Epiphaniam.
599 1837 915 1935 ba.·Epistolae·ad
928 1837 1008 1921 Au-

105 1922 272 2013 ncbenos.
308 1945 367 2032 bg.
388 1937 447 2011 Ex
461 1935 633 2011 Facundo
648 1935 909 2013 Hermianensr.
945 1942 1005 2036 ⁶4

105 2036 241 2145 pistolae
258 2037 306 2112 ad
323 2037 525 2111 Diodorum
542 2033 758 2112 Tarsensem.
810 2042 869 2132 65.
895 2036 1007 2133 Frag-

105 2149 195 2213 enta
225 2159 272 2237 err
295 2133 460 2212 Concilio
484 2132 692 2232 Hispalensr.
752 2133 870 2233 Opera
896 2136 1007 2215 dubia

105 2236 128 2311 el
146 2234 366 2333 suppnfititia
378 2235 417 2310 S.
427 2232 616 2310 Athanasii
631 2232 713 2309 sunt
739 2262 771 2310 1.
789 2233 1008 2332 Symbolum

105 2334 286 2431 uicunque
308 2334 378 2411 &c
405 2332 504 2429 quod
524 2333 636 2408 modo
656 2333 803 2408 Saeculo
818 2331 880 2412 Vl.
906 2357 1009 2411 com·
1108 2362 1115 2383 =

105 2435 226 2509 latum
244 2433 312 2508 elle
329 2431 483 2510 videtur.
536 2457 570 2508 2.
596 2430 782 2509 Trastatus
796 2433 842 2508 de
855 2457 930 2508 uno
948 2434 1007 2534 Je-

105 2532 287 2609 tchristo.
347 2560 380 2629 3.
413 2529 602 2607 Refutatio
627 2530 827 2628 hypocrisis
853 2532 1005 2610 Meletii.

105 2632 234 2713 ¹Liber
248 2632 294 2707 de
307 2631 525 2725 virginitate.
577 2654 612 2725 5.
635 2629 721 2708 Vita
741 2631 779 2705 S.
794 2631 1005 2729 Syucletici.

105 2791 108 2805 .
134 2729 293 2831 Epistola
320 2730 455 2807 Liberii
476 2731 525 2804 'ad
551 2727 802 2813 Athanasium.
852 2755 887 2828 7.
914 2731 1009 2809 Nar·

105 2832 166 2906 itio
194 2830 240 2905 de
263 2826 417 2927 passione
442 2828 611 2923 imaginis
634 2828 762 2903 Christi
789 2828 937 2925 Beryti,
969 2827 1009 2904 lic

105 2928 249 3005 onntulla
285 2927 358 3003 alia
389 2928 428 3003 S.
456 2925 654 3002 Athanasio
683 2926 879 3024 supposita,
926 2950 1010 3026 quae

105 3029 242 3129 *apinae
259 3027 299 3105 iu
315 3026 378 3106 sua
392 3026 624 3104 Bibliotheca
645 3027 842 3109 examinat.
