2468 4358
153 213 245 351 '234
304 202 312 213 “
396 174 398 183 ’
485 182 797 353 cannanei

0 423 11 466 ³
57 441 105 486 το·
157 423 229 507 suis
245 421 443 507 erroribus,
463 423 673 511 fraudibus,
695 421 900 513 &assurim
941 416 1086 513 tandem
1122 456 1130 479 ·

54 560 102 599 ua
156 525 205 601 ad
240 523 388 620 scopum
415 521 525 622 hujus
559 523 737 621 epistolae¹
755 524 895 618 pergit,
940 523 1086 595 dicens:
1122 558 1130 579 ·

158 621 343 716 ,.Aodivi,
369 624 457 698 durn
480 623 613 698 inistis
636 620 846 718 regionibus
870 638 1086 708 commoror,
1122 650 1130 677 ⁴

158 721 325 819 „aliquot
344 720 421 819 jam
446 722 575 807 coiisse,
592 726 654 821 qui
673 724 810 797 Ariana
827 721 990 818 sapiunt,
1010 743 1086 793 eos·
1128 734 1130 739 '

159 844 256 919 „que
274 816 435 919 scripsisse
451 822 497 895 de
515 821 608 908 fide,
627 844 710 918 quae
733 822 807 897 illis
829 822 1011 917 placuere,
1034 814 1087 894 vel
1127 831 1130 840 '

95 972 97 976 ι
121 972 128 983 „
156 922 307 1021 „potius
322 944 408 1018 quae
422 921 496 996 illis
514 921 698 1020 inspiravit
717 916 899 1004 diabolus,
924 919 1087 994 volenter
1122 932 1130 975 ι’

27 1076 30 1082 ·
155 1043 228 1113 „ea
251 1024 394 1095 mittere
411 1022 458 1095 ad
476 1044 563 1108 vos,
589 1036 631 1097 ut
651 1020 934 1105 subscriberetis,
960 1034 1028 1092 aut
1050 1016 1085 1090 fi·
1121 1060 1130 1071 -

155 1121 245 1217 „qui
258 1120 504 1196 contradicere
518 1119 655 1208 ausint,
677 1120 828 1195 exilium
844 1119 974 1193 serant.
1023 1114 1086 1191 At·

8 1300 10 1311 ,
154 1240 253 1317 „que
270 1220 354 1294 hinc
371 1218 441 1307 esi,
465 1221 562 1317 quod
576 1219 651 1317 jam
669 1245 765 1295 nunc
792 1216 987 1317 Episcopus
1013 1217 1086 1313 istn-

17 1350 27 1359 ·
154 1340 262 1411 „rum
287 1320 477 1415 regionum
508 1340 641 1394 vexare
666 1319 864 1417 incipiant,
892 1317 990 1391 unde
1009 1314 1086 1391 satis

155 1422 327 1510 „animos
344 1420 426 1493 suos
448 1419 623 1516 produnt;
651 1444 735 1495 nam
761 1419 824 1515 qui
838 1415 907 1491 isia.
920 1415 1085 1502 scribnnt.
1128 1458 1130 1463 ·

150 1514 226 1607 '„ut
242 1518 333 1603 ,finis
357 1518 555 1616 scriptionis
578 1520 625 1597 ad
650 1520 801 1595 exilium
821 1517 880 1592 vel
901 1502 1085 1612 alinspoe·
1121 1556 1130 1571 ·

157 1639 252 1709 „nas
275 1618 421 1701 tendat,
447 1618 574 1714 quales
593 1618 679 1694 ilios
699 1616 840 1714 quaeso,
866 1611 931 1690 nist
946 1613 986 1690 dt
1003 1615 1084 1689 asie·
1127 1654 1130 1665 ·

156 1739 253 1808 „nos
269 1743 291 1792 a
308 1717 600 1805 christianismo,
624 1717 663 1793 &
688 1715 823 1792 diaboli
848 1715 989 1789 amicos
1015 1714 1084 1788 sena

159 1816 288 1908 „tias‘d
312 1817 499 1913 Siquidem
515 1817 569 1892 illi
587 1834 718 1914 praeter
735 1827 894 1890 mentem
905 1811 1083 1903 constan·

158 1917 227 2007 „tii
245 1916 474 2014 Imperatoris
489 1918 637 1992 hnmani
654 1918 690 1991 ὅ(
709 1917 779 2012 pii,
804 1937 868 2012 pro
885 1913 992 1987 libitu
1009 1933 1086 2009 qnae

157 2015 331 2109 ,nornen
358 2015 600 2111 promulgant,
614 2016 797 2110 &magna
812 2022 964 2089 utuntur
981 2012 1086 2097 vasti·

155 2117 239 2207 „cie
256 2115 397 2192 duabus
413 2117 627 2212 potissimum
644 2117 690 2189 de
705 2115 831 2197 causis,
850 2130 1084 2209 quarumuua

64 2256 68 2273 =
155 2215 252 2307 „eth
278 2229 319 2289 ut
340 2217 442 2288 vobis
466 2213 761 2289 subscribentibus
779 2212 966 2289 infamiam
982 2210 1084 2287 nm·

67 2324 70 2329 ’
124 2296 129 2313 ’
155 2314 255 2417 „uici
282 2315 439 2391 nominis
460 2314 733 2411 interquiescere
758 2314 915 2401 faciant,
940 2335 1010 2386 nec
1026 2308 1085 2408 ipsi
1112 2298 1130 2441 ἦ

73 2448 76 2457 =
154 2412 380 2506 „sentiantur
403 2414 572 2488 Arianice
598 2413 726 2509 sapere.
801 2411 929 2487 Altera
951 2410 1023 2499 esi,
1047 2420 1086 2485 ut
1124 2444 1130 2525 j

155 2512 246 2604 „ista
263 2512 447 2588 scribendo
462 2512 655 2587 obliterent
668 2513 858 2588 Nicaennm
868 2510 1084 2605 Concilium,
1125 2536 1130 2615 j

155 2610 257 2704 „Sed
279 2611 351 2687 hoc
375 2612 489 2707 ipsum
515 2633 641 2688 eornm
663 2636 792 2710 pravas
816 2611 1005 2707 opiniones
1023 2630 1086 2699 re·
1124 2622 1130 2719 p

155 2712 349 2815 „darguit,
387 2705 531 2786 sienim
565 2711 657 2787 reite
684 2713 890 2794 crederent,
926 2702 1086 2791 contenti
1126 2742 1130 2801 ς

155 2808 293 2903 „effert
316 2808 388 2891 fide
404 2811 553 2888 Nicaena
573 2812 620 2888 ab
638 2808 790 2887 universi
809 2809 906 2887 orbis
932 2808 1086 2911 concilio
1126 2852 1130 2859 ·

156 2911 424 3010 ,promulgata
1026 3002 1029 3009 Ι
1125 2898 1130 2959 ¹

0 3118 51 3186 rii
65 3115 120 3188 do·
230 3131 264 3187 2.
291 3101 460 3197 „Deinde
485 3124 689 3204 qnae-nunc
709 3098 884 3198 scribunt,
907 3126 980 3181 non
1001 3123 1087 3181 cura

20 3200 140 3276 bava·
154 3208 346 3303 „veritatis
370 3205 546 3307 scribunt,
580 3206 640 3281 sed
666 3208 880 3282 technarum
910 3207 1027 3300 gratia
1051 3201 1087 3279 id

1 3296 79 3362 sm·
154 3303 339 3400 „faciunt,
363 3318 405 3379 ut
427 3306 617 3383 mittendis
641 3308 797 3403 epistolis
814 3308 956 3381 animos
975 3300 1119 3402 popu?

156 3402 303 3500 „lorum
326 3400 420 3480 circa
443 3403 506 3480 ista
525 3420 720 3504 occupatos
739 3418 907 3494 teneant,
933 3405 1088 3479 latente·

101 3550 105 3569 ι
155 3524 254 3603 „que
272 3520 399 3580 eorum
417 3504 604 3603 impietate
620 3506 743 3581 lncnm
764 3520 980 3602 tempusque
999 3526 1088 3579 nan·

128 3640 130 3645 >
155 3602 358 3697 „niscantur
382 3607 617 3703 prorogandae
643 3605 715 3682 snae
740 3603 943 3685 hereseos,
990 3602 1089 3680 Cun-

155 3700 239 3801 „sia
253 3704 364 3803 igitur
382 3706 549 3799 turbant,
575 3727 692 3806 neque
714 3705 773 3784 vel
797 3704 868 3782 suis
882 3702 948 3804 ipsr
963 3703 1089 3821 (decre⁴

23 3824 27 3831 ·
159 3850 187 3865 --
580 3874 583 3879 .
1012 3817 1089 3899 „ns
