2468 4358
135 255 192 344 70
358 227 401 317 S.
421 229 591 347 Antonii
604 229 672 317 Μ.
692 227 858 319 Albulis
922 336 925 341 ¹
985 242 992 258 '
1034 296 1055 331 ,t

32 413 95 482 da·
136 406 252 505 „dulo
266 413 480 511 vigilemus,
498 413 616 494 hostes
633 414 730 491 enirn
747 404 924 505 hebemus
941 412 1068 490 fonni-

5 515 86 570 Μ·
137 511 709 610 „dandosltcallidosmnlignos
721 514 853 590 scilicet
864 514 1067 603 daemones,
1111 576 1114 583 .

134 613 201 704 „tlt
217 613 388 688 adversus
406 614 489 691 illos
506 613 711 689 collutiatio
725 615 829 688 nobis
845 611 905 689 est.
929 612 1018 711 Epu.
1031 618 1066 689 ό.

133 737 194 804 „u
213 739 269 788 12.
328 713 461 809 Magna
487 713 632 789 illorum
659 714 764 787 turba
789 714 828 787 in
855 733 938 803 aere
962 712 1069 786 nobis

132 812 329 905 „proximo
344 811 413 897 est,
438 834 592 909 quorum
614 812 749 887 necelie
765 810 815 886 est
830 812 925 887 nolle
940 812 1070 885 adver·

64 940 67 946 ·
132 908 220 1004 „sus
245 933 313 985 nos
335 912 564 988 calliditates.
626 911 666 988 Si
690 912 799 1006 igitur
824 910 981 986 viderint
1013 908 1068 987 illi

135 1008 384 1101 „christianos
415 1014 648 1106 maximeque
674 1011 873 1086 monachos
903 1009 1069 1085 laborare

135 1122 274 1203 „atque
292 1110 483 1205 proficere,
510 1111 665 1208 primum
683 1108 829 1206 aggrelii
846 1122 1011 1194 tentant,
1030 1106 1070 1186 lt

138 1204 385 1298 „offendicula
400 1227 539 1308 ponunt
553 1212 591 1285 in
608 1211 678 1297 via,
692 1231 776 1308 quae
791 1205 872 1286 sunt
883 1206 992 1284 malae
1008 1231 1084 1291 uos·

28 1308 56 1401 J
137 1308 369 1402 „gitationen
418 1309 501 1384 Non
519 1308 567 1384 eil
582 1323 705 1386 autern
726 1309 824 1406 quod
839 1330 965 1383 eorum
990 1305 1072 1404 iug-

139 1405 384 1500 „gestionibus
400 1420 618 1497 terreamur,
634 1433 719 1484 nam
735 1410 912 1504 precibus,
924 1403 1073 1504 jejuniis

139 1504 204 1595 ‚,&
222 1504 292 1581 fine
306 1509 345 1581 in
362 1509 559 1595 Dominum
577 1507 694 1585 statim
705 1508 760 1584 illi
775 1508 957 1586 labuntur.
996 1504 1073 1581 sm

137 1603 266 1701 „lapi
283 1608 431 1682 minime
458 1607 664 1702 quiescunt.
694 1607 755 1683 sed
779 1607 911 1683 callide
931 1603 1072 1682 rursum

140 1705 364 1791 „accedunt‚
397 1708 569 1804 vanisque
594 1706 777 1801 speciebus
800 1719 998 1803 perterrere
1017 1704 1073 1779 ni·
1104 1792 1107 1797 ¹

139 1817 307 1894 „tuntur,
328 1804 435 1884 variis
449 1806 634 1902 assumptis
651 1806 779 1882 formis
795 1806 1003 1894 mulierum,
1018 1803 1074 1879 rea

126 1918 312 1992 r„rurum
337 1908 602 2002 praegrandium
621 1927 812 2002 corporum
824 1934 840 1993 ,·
859 1904 1077 1981 militarium

139 2017 380 2090 „turmarum
399 2068 402 2075 .
430 2004 506 2085 Sed
529 2028 646 2102 neque
669 2005 728 2082 hae
750 2005 897 2081 illorum
918 2005 1074 2101 phanta-

39 2114 41 2121 ‘
138 2099 224 2190 „sue
237 2105 341 2177 nobis
360 2102 438 2180 sunt
452 2104 757 2202 pertimescendae,
770 2104 860 2194 nihil
873 2105 969 2194 enim
986 2125 1074 2180 cum

138 2200 255 2290 „sum
280 2202 395 2277 subito
412 2203 650 2295 evanescunt,
678 2203 998 2292 unanimum,
1033 2200 1082 2280 δι’

138 2296 265 2394 „ligno
284 2303 401 2377 crucis
417 2302 452 2376 se
466 2305 547 2398 quis
562 2304 750 2391 munierit.¹
804 2302 844 2379 Si
860 2316 984 2378 autern
1001 2302 1075 2377 hoc

138 2401 275 2486 „1¹1on
292 2402 511 2493 superentur,
524 2403 742 2489 vaticinandi
762 2402 798 2477 se
814 2404 949 2499 peritos
965 2400 1074 2477 stmu-
1093 2486 1098 2501 Ι

28 2518 32 2531 ’
138 2496 271 2586 „lant‚
309 2499 547 2598 arielinntque
573 2504 608 2579 ie
635 2503 688 2578 ita
720 2524 890 2599 proceros
922 2502 1074 2586 exhibe·

138 2619 226 2686 ‚,re,
256 2612 298 2673 ut
315 2599 446 2676 tultum
463 2604 656 2699 attingant.
696 2600 839 2689 'Quodsi
855 2602 916 2676 hic
930 2621 1077 2697 quoque

141 2699 326 2783 „animam
356 2698 541 2778 inveniant
564 2702 635 2777 fide
657 2714 768 2799 atque
793 2700 851 2799 spe
877 2700 1075 2786 firmatum,

139 2795 364 2893 „principem
383 2802 538 2899 denique
550 2800 651 2877 suum
670 2801 788 2877 lecum
807 2800 1006 2885 adducunt,
1019 2792 1078 2877 uti

139 2895 376 3007 „describitur
391 2898 476 3004 eJolr.
489 2929 549 2997 41.
565 2927 595 2975 u.
606 2927 640 2996 9.
690 2902 763 2976 Sed
780 2925 826 2975 ne
843 2899 911 2973 has
925 2899 1075 2995 quidem

140 3016 248 3092 „ejus
269 2996 474 3093 phantasias
501 3013 644 3098 oportet
671 3023 759 3088 nos,
785 3000 847 3095 qui
870 2998 996 3074 rideles
1018 2997 1076 3075 iu·

21 3158 37 3195 Ι
142 3117 270 3189 „mum
293 3098 547 3187 reformidare,
572 3123 644 3185 nec¹
664 3098 742 3195 ejus
764 3098 952 3175 attendere
974 3098 1078 3173 voci·

142 3196 263 3289 „buu
316 3199 488 3273 mentitur
511 3199 672 3295 quippe,¹
689 3197 727 3274 llt
747 3223 841 3274 vana
860 3219 923 3296 per
946 3196 1081 3275 Christi

143 3294 323 3385 „gretiam
355 3295 435 3372 sunt
457 3299 578 3376 omnia
600 3297 679 3392 ejus
701 3298 901 3375 molimina.
952 3294 1081 3375 Dololi

143 3392 252 3480 „sunt
266 3396 376 3469 etiam
395 3399 600 3484 daemones,
617 3398 654 3474 ἀ
672 3400 787 3495 parati
803 3398 851 3473 ad
871 3420 1017 3473 omnem
1038 3395 1079 3471 le

143 3493 326 3577 „formam
343 3495 549 3571 transferre.
583 3497 800 3594 Plerumque
814 3499 909 3572 enim
927 3498 962 3571 se
976 3493 1077 3572 Psal-

29 3640 44 3657 ..
144 3615 253 3674 „mos
270 3617 398 3668 canere
416 3594 603 3681 simulant,
633 3611 908 3692 memorantque
929 3595 1079 3692 scriptu·

120 3798 123 3803 β
144 3715 293 3784 ,uarum
313 3696 433 3793 verbu
471 3697 844 3801 saepmumeronobrs
854 3697 1081 3800 legentibus.

436 3844 439 3849 ·
963 3817 1082 3898 uquae
