2468 4358
140 440 210 522 „ut
226 442 291 527 p'ro
307 430 477 507 omnibus
494 430 703 529 sacrificium
714 427 891 518 offerret,
908 451 974 529 pro
994 454 1077 509 om·

141 530 276 621 „nibus
301 532 477 611 temolum
505 530 607 606 suum
636 531 746 606 morti
781 531 961 619 madens,
1001 553 1074 627 quo

144 651 301 721 „omnes
315 629 448 703 liberos
464 654 487 705 a
504 631 619 711 veteri
636 629 931 727 praevaricatione
954 627 1077 705 effice·

38 742 42 751 '
143 742 248 817 ,‚re‘t,
275 729 379 823 seque
397 729 594 804 declararet
610 730 738 805 mortis
756 724 939 815 visiorem,
952 727 1074 804 suum·

144 850 241 921 „que
274 850 405 923 corpus
436 826 642 902 immortale
678 823 859 902 redditum
896 829 1076 923 primitias
1102 856 1106 873 ¹

35 950 45 969 ⁸
143 928 333 1013 ,omnium
356 918 616 1001 resurret‘tr'onis
634 925 711 1000 elle.
763 924 1093 1009 catecuminum

143 1024 299 1119 „aliquis
322 1024 508 1121 objecerit:
535 1026 561 1100 ri
584 1025 759 1099 necessum
784 1036 875 1108 erat,
896 1024 974 1118 ejus
994 1046 1072 1100 cor·

0 1130 24 1165 ·’“
143 1146 237 1219 „pus
261 1147 323 1219 pro
348 1126 516 1197 omnibus
540 1127 579 1199 in
602 1142 756 1198 mortem
782 1122 887 1210 dedi,
912 1145 1072 1225 coinon

0 1305 4 1323 .
145 1242 211 1306 „ut
235 1224 345 1296 bomo
369 1228 554 1298 communi
570 1223 650 1311 lege
666 1242 805 1296 naturae
830 1240 984 1334 mortem
1008 1245 1073 1321 op·

95 1324 108 1379 .‘
144 1323 294 1418 „pediu
323 1325 380 1393 r'ed
405 1344 564 1417 eousque
589 1321 753 1402 devenit,
777 1332 819 1396 ut
838 1319 1073 1414 crucifigere·
1103 1390 1106 1397 .

116 1432 229 1515 „„'tur
280 1421 415 1495 Verum
431 1422 528 1515 quod
546 1446 567 1495 a
585 1421 772 1494 Salvatore
786 1414 920 1514 gestum
940 1420 1003 1507 est,
1018 1420 1073 1494 di·

45 1582 48 1589 .
141 1524 319 1609 „viditate
345 1518 451 1613 ipsrus
474 1520 623 1613 dignum
650 1518 718 1601 est,
747 1520 855 1611 idque
875 1515 1003 1593 multis
1025 1519 1074 1594 da'

36 1628 40 1633 '
140 1616 300 1707 „causrs:
328 1620 483 1712 primurn
501 1621 597 1691 enim
614 1630 770 1715 mortem
786 1615 993 1692 hominibus
1009 1638 1071 1715 per

140 1712 455 1807 „imbecillrtatem
480 1732 620 1790 naturae
645 1720 810 1811 ingruere
836 1728 977 1790 certum
1005 1715 1072 1790 est:

15 1852 18 1859 ·
106 1832 109 1841 '
138 1829 295 1906 „contra
318 1816 356 1889 in
386 1814 544 1888 Domino
574 1813 664 1889 nihil
693 1813 975 1901 imbecillitatis,
1012 1814 1091 1890 sed·

140 1912 329 2009 „ipsissima
348 1916 422 1988 vita
440 1912 508 2005 est3
535 1912 559 1988 sr
580 1915 690 2010 igitur
708 1913 902 1989 secundum
923 1910 1086 1989 consum

75 2066 79 2073 -
137 2013 331 2104 „tudinem
371 2013 559 2087 hominum
602 2032 732 2110 corpus
764 2012 803 2085 in
839 2010 931 2086 letto
960 2012 1071 2109 depo·
1105 2032 1109 2099 ;

138 2110 302 2210 ,‚suirset,
318 2111 494 2185 creditum
512 2109 641 2197 fuisset,
656 2133 719 2207 per
733 2109 982 2187 infirmitatem
1000 2110 1072 2187 hoc

1 2239 3 2246 ·
136 2212 199 2300 „ei
216 2208 402 2293 accidisse,
428 2230 583 2309 eumque
605 2209 719 2290 nihilo
740 2209 842 2306 plus,
867 2231 978 2305 quam
999 2226 1072 2287 σει.

17 2380 23 2405 ,,
113 2308 454 2399 -,-„teroslrornines
482 2305 680 2403 possedisse:
729 2331 812 2384 cum
837 2308 948 2406 igitur
969 2330 1072 2385 mors

137 2429 231 2504 „pro
260 2407 428 2480 omnibus
457 2403 648 2481 necessario
682 2405 950 2502 requirebatur,
985 2408 1086 2510 ideo,

137 2527 295 2601 „corpus
316 2503 417 2577 suum
435 2514 477 2577 ut
496 2505 571 2578 vl‘ta
593 2505 1072 2603 corroborabat,.quatenus

85 2652 91 2661 ,
136 2617 286 2695 ‚autem
314 2624 413 2676 mors
437 2602 652 2689 debebatur,
684 2615 835 2680 eatenus
858 2629 933 2682 non
955 2630 1004 2680 ex
1034 2605 1070 2681 se

27 2698 28 2705 ’
136 2701 225 2794 „sed
256 2702 402 2776 aliunde
433 2704 611 2777 rationem
639 2702 852 2780 immolandi
879 2717 1073 2781 mutuatur

137 2801 223 2892 „est.
276 2802 489 2895 Quanquam
514 2824 631 2898 neque
653 2802 781 2878 morbo
806 2803 969 2879 laborare
992 2802 1070 2878 Do-
1101 2821 1103 2825 ’

139 2900 304 2990 „minum
323 2901 485 2987 decebat,
501 2900 562 2996 qui
578 2901 731 2976 aliorum
747 2903 893 2979 morbos
910 2901 1069 2981 sanabat.

83 3078 93 3099 ,
139 3002 286 3090 „Quare
307 3022 393 3093 ergo
418 3024 489 3071 non
517 2999 627 3073 etiam
652 3011 808 3087 mortem
832 3001 1078 3097 quemadmos
1103 3070 1106 3075 A

138 3101 253 3188 „dum
265 3097 303 3171 dr
322 3098 468 3172 morbos
490 3096 649 3171 sustulit?
697 3099 783 3173 ldeo
800 3102 969 3177 nimirum
982 3101 1070 3198 quia

87 3252 94 3271 s
137 3197 341 3288 „moriendi
366 3198 477 3279 causan
495 3216 625 3290 corpus
646 3196 890 3294 assumpserat,
919 3223 987 3275 nec
1008 3199 1073 3287 fas,

4 3300 14 3339 '-
63 3330 67 3339 ‚
135 3309 243 3383 „erat
279 3308 433 3368 mortem
466 3296 606 3375 arceri,
642 3319 687 3369 ne
718 3297 923 3372 resurret'rio
952 3300 1070 3395 impes

136 3395 310 3484 „dicetur
389 3391 442 3465 llt
474 3392 606 3467 dixerit
634 3393 785 3495 aliquis3
830 3396 969 3475 viratas
997 3397 1071 3487 esse

137 3491 324 3587 „oportuit
338 3488 543 3588 Judaeorum
563 3490 726 3582 infidias,
743 3505 795 3567 ‘ut
812 3517 941 3593 corpus
962 3493 1068 3573 suum

136 3590 369 3680 „immortale
384 3592 618 3674 conservaret,
631 3591 689 3664 sed
705 3592 742 3665 id
760 3592 916 3667 Domino
931 3616 1068 3691 nequa·
1103 3632 1106 3639 ·

17 3782 19 3787 ¹
59 3678 62 3683 ’
133 3711 272 3789 „quam
296 3690 531 3787 congruisset:
570 3690 625 3767 uti
645 3688 744 3770 euim
771 3690 963 3771 absurdum
986 3704 1073 3883 effe}

968 3841 995 3889 ,‚
1074 3848 1077 3853 .
