2468 4358
73 255 230 371 aa
469 230 769 367 emanaſse
819 276 868 326 .·
933 176 1014 221 ‘⁴
1117 39 1130 313 Ι

143 454 360 549 „daemones
373 448 412 525 in
425 447 510 545 igne
523 448 745 526 habitantes.
795 441 1084 544 ueterrimae,

34 580 37 587 ’
144 555 271 647 „vitati
290 550 464 626 huminum.
478 559 491 610 ·ἶ
516 549 738 626 Servitutem
757 548 957 627 huminum
975 553 1085 624 vocat

65 654 72 712 '·
112 726 117 735 .
143 655 304 748 „boves,
326 649 470 740 mulos,
493 645 686 747 &reliqua
701 648 880 747 jumenta.

1 1000 4 1017 ,
146 1001 152 1007 ,
258 911 364 1005 Finis
391 885 688 1026 Expofitinnum
717 913 760 997 iu
782 876 974 1027 Pserimos.

112 1123 115 1143 '
167 1119 262 1189 Nota.
287 1109 411 1182 'Praeter
432 1088 526 1202 upera
543 1115 575 1184 S.
591 1117 749 1183 Athanahi
764 1119 930 1204 hucusque
948 1106 1085 1181 aliatain

230 1201 340 1266 Temo
367 1202 501 1266 secundo
522 1222 619 1266 novae
643 1203 790 1268 editionis
811 1202 851 1270 D.
871 1204 1086 1268 Montsaucon

210 1376 213 1381 Ι
230 1287 386 1371 sequentia
401 1288 583 1371 Fragmenta
598 1283 704 1353 refert

125 1460 135 1539 ‘¹
165 1422 170 1439 .
222 1438 348 1514 Primo.
375 1437 594 1533 Fragmenta
614 1439 652 1515 in
664 1437 731 1539 Job
748 1462 795 1513 ex
807 1437 953 1533 Nicetae
971 1435 1085 1513 Her'a·

16 1614 40 1635 „
146 1538 277 1616 cleotae
306 1549 435 1613 catena
459 1537 670 1636 desumpta,
703 1559 785 1636 quae
805 1538 899 1613 sunt
912 1549 1084 1640 excerpta

146 1663 196 1714 ex
217 1636 329 1713 variis
351 1635 390 1712 S.
408 1636 597 1715 Athanahi
620 1660 770 1736 operum
795 1636 909 1724 locis,
933 1637 1086 1713 sednon

144 1738 284 1817 iisdem·
308 1735 459 1824 verbis,
500 1761 577 1812 nou
600 1739 699 1813 enim
722 1740 836 1815 fertur
860 1735 1087 1821 Athanasius

104 1896 106 1901 ,
144 1836 408 1935 commentaria
423 1835 461 1912 in
476 1833 615 1935 Johum
627 1837 782 1914 edidiffe.

221 2019 381 2099 Secundo.
392 2018 612 2116 Fragmenta
627 2043 742 2120 pauca
757 2019 794 2097 in
804 2020 1002 2097 Canticum
1011 2017 1086 2095 edi·

23 2134 25 2143 ’
147 2124 189 2197 ta
214 2144 237 2197 a
260 2120 423 2219 Joannne
449 2118 626 2206 Memfim
660 2144 707 2194 ex
731 2119 1017 2218 expositionibus
1045 2119 1084 2196 S.

147 2219 338 2297 Athanasri
354 2223 391 2296 in
408 2220 590 2296 canticum
607 2219 816 2320 deperditis,
833 2242 992 2320 quarum
1010 2243 1086 2298 me·

148 2319 257 2418 minit
271 2319 436 2431 Photius.
611 2338 614 2344 ’

103 2560 105 2575 .
230 2501 350 2578 Tertia
378 2501 595 2598 Fragmenta
610 2500 648 2578 in
664 2501 905 2592 hiartharum,
923 2526 974 2578 ex
989 2510 1087 2578 cate·

147 2626 197 2680 na
220 2603 259 2679 in
282 2603 501 2678 Matthaeum
524 2629 547 2678 a
568 2604 608 2679 P.
627 2601 765 2678 Poffino
784 2605 903 2691 edita,
929 2625 1016 2699 quae
1040 2626 1086 2677 an

35 2718 38 2723 ’
148 2727 197 2778 ex
216 2703 431 2800 quibusdam
443 2703 481 2777 S.
494 2700 683 2778 Athanasii
701 2702 970 2778 inMatthaeum
989 2725 1086 2776 com·

118 2836 121 2842 ·
149 2803 338 2878 mentariis
364 2800 554 2898 desumpta
574 2801 655 2890 hut,
679 2826 727 2877 an
743 2825 791 2876 ex
804 2803 887 2878 aliis
904 2802 987 2897 eius
1004 2824 1086 2896 ope·

148 2901 249 2977 n'hus
271 2904 461 2998 excerpta,
478 2900 575 2976 haud
591 2900 698 2977 facile
711 2901 760 2976 est
782 2897 966 2997 augurari.
1020 2901 1087 2977 Po·

1 3047 3 3057 ‚
147 2999 275 3096 sterius
297 3014 422 3077 tamen
444 3001 589 3078 suadere
613 3002 781 3077 videntur
805 3000 888 3077 loca
915 3001 1086 3099 quaedam

86 3198 88 3203 Ι
148 3099 360 3197 ampliffin’ra
383 3126 430 3174 ex
450 3103 488 3178 S.
502 3099 701 3194 Athanahi
726 3100 864 3198 scriptis
896 3100 1087 3198 hucusque

149 3198 274 3275 relatis
289 3214 478 3298 excerpta:
504 3221 587 3298 quae
610 3200 671 3276 hic
685 3211 847 3298 repetere
862 3225 938 3277 non
953 3198 1070 3297 juvat.

230 3380 371 3482 Qtrarto.
399 3383 440 3458 Iu
459 3384 584 3459 codice
599 3386 717 3481 regio,
732 3385 794 3460 seu
808 3393 939 3461 catena
957 3341 997 3462 in
1014 3386 1087 3462 Lu·

145 3505 232 3558 eam
258 3483 438 3558 habentur
455 3485 623 3580 quaedam
647 3499 818 3582 excerpta
847 3509 894 3559 ex
916 3487 1087 3582 operibus

80 3677 83 3693 μ
150 3582 193 3661 S.
208 3581 397 3661 Athanasii
411 3584 539 3679 editis,
563 3607 645 3684 quae
660 3587 811 3688 proinde
830 3584 1063 3664 omittuntur.
1127 3674 1130 3689 ¹

817 3778 825 3796 .
874 3923 884 3928 ..
979 3809 1084 3916 Quir-
1128 3799 1130 3833 ³
